@InProceedings{Bergougnoux,
author="Bergougnoux, B.
and H{\o}gemo, S.
and Telle, J.
and Vatshelle, M.",
editor="Bekos, Michael A.
and Kaufmann, Michael",
title="Recognition of Linear and Star Variants of Leaf Powers is in P",
booktitle="Graph-Theoretic Concepts  in Computer Science",
year="2022",
publisher="Springer International Publishing",
address="Cham",
pages="70--83",
isbn="978-3-031-15914-5",
}

@article{BRANDSTADT2010897,
author = {Brandstädt, A. and Hundt, C. and Mancini, F. and Wagner, P.},
title = {Rooted directed path graphs are leaf powers},
journal = {Discrete Mathematics},
volume = {310},
number = {4},
pages = {897-910},
year = {2010},
issn = {0012-365X},
doi = {https://doi.org/10.1016/j.disc.2009.10.006},
url = {https://www.sciencedirect.com/science/article/pii/S0012365X09004919},
}

@article{BRANDSTADT20093843,
author = {Brandstädt, A. and Le, V. and Rautenbach, D.},
title = {A forbidden induced subgraph characterization of distance-hereditary 5-leaf powers},
journal = {Discrete Mathematics},
volume = {309},
number = {12},
pages = {3843-3852},
year = {2009},
issn = {0012-365X},
doi = {https://doi.org/10.1016/j.disc.2008.10.025},
url = {https://www.sciencedirect.com/science/article/pii/S0012365X08006250},
}

@article{Brandstadt2008-4LP,
author = {Brandst\"{a}dt, A. and Le, V. and Sritharan, R.},
title = {Structure and Linear-Time Recognition of 4-Leaf Powers},
year = {2008},
issue_date = {November 2008},
publisher = {Association for Computing Machinery},
address = {New York, NY, USA},
volume = {5},
number = {1},
issn = {1549-6325},
url = {https://doi.org/10.1145/1435375.1435386},
doi = {10.1145/1435375.1435386},
journal = {ACM Trans. Algorithms},
month = {12},
articleno = {11},
numpages = {22},
}

@article{BRANDSTADT2006,
author = {Brandstädt, A. and Le, V.},
title = {Structure and linear time recognition of 3-leaf powers},
journal = {Information Processing Letters},
volume = {98},
number = {4},
pages = {133-138},
year = {2006},
issn = {0020-0190},
doi = {https://doi.org/10.1016/j.ipl.2006.01.004},
url = {https://www.sciencedirect.com/science/article/pii/S0020019006000172},
}

@article{BUNEMAN197448,
author = {Buneman, P.},
title = {A note on the metric properties of trees},
journal = {Journal of Combinatorial Theory, Series B},
volume = {17},
number = {1},
pages = {48-50},
year = {1974},
issn = {0095-8956},
doi = {https://doi.org/10.1016/0095-8956(74)90047-1},
url ={https://www.sciencedirect.com/science/article/pii/0095895674900471},
}

@InProceedings{Chang2007,
author="Chang, M-S. and Ko, M-T.",
editor="Brandst{\"a}dt, Andreas
and Kratsch, Dieter
and M{\"u}ller, Haiko",
title="The 3-Steiner Root Problem",
booktitle="Graph-Theoretic Concepts in Computer Science",
year="2007",
publisher="Springer Berlin Heidelberg",
address="Berlin, Heidelberg",
pages="109--120",
}

@inproceedings{DOM2004,
author = {Dom, M. and Guo, J. and Hüffner, F. and Niedermeier, R.},
year = {2004},
month = {12},
pages = {389-401},
title = {Error Compensation in Leaf Root Problems},
isbn = {978-3-540-24131-7},
doi = {10.1007/978-3-540-30551-4_35},
}

@article{Ducoffe2018PolynomialtimeRO,
  author={Ducoffe, G.},
  title={Polynomial-time Recognition of 4-Steiner Powers},
  journal={ArXiv},
  year={2018},
  volume={abs/1810.02304},
  url={https://api.semanticscholar.org/CorpusID:52922148},
}

@inproceedings{ducoffe20194,
  title={The 4-Steiner root problem},
  author={Ducoffe, G.},
  booktitle={International Workshop on Graph-Theoretic Concepts in Computer Science},
  pages={14--26},
  year={2019},
  organization={Springer}
}

@article{Lafond2023,
author = {Lafond, M.},
title = {Recognizing $k$-Leaf Powers in Polynomial Time, for Constant $k$},
year = {2023},
issue_date = {October 2023},
publisher = {Association for Computing Machinery},
address = {New York, NY, USA},
volume = {19},
number = {4},
issn = {1549-6325},
url = {https://doi.org/10.1145/3614094},
doi = {10.1145/3614094},
journal = {ACM Trans. Algorithms},
month = {9},
articleno = {35},
numpages = {35},
}

@InProceedings{Lafond2017,
author="Lafond, M.",
editor="Bodlaender, H.
and Woeginger, G.",
title="On Strongly Chordal Graphs That Are Not Leaf Powers",
booktitle="Graph-Theoretic Concepts in Computer Science",
year="2017",
publisher="Springer International Publishing",
address="Cham",
pages="386--398",
}

@article{LB62,
author={Lekkerkerker, C. and Boland, J},
title={Representation of a finite graph by a set of intervals on the real line},
year={1962},
journal={Fundamenta Mathematicae},
volume={51},
  pages={45-64},
NOOPdoi={doi:10.4064/fm-51-1-45-64}
}

@article{nevries2016towards,
  author={Nevries, R. and Rosenke, C.},
  title={Towards a characterization of leaf powers by clique arrangements},
  journal={Graphs and Combinatorics},
  volume={32},
  pages={2053--2077},
  year={2016},
  publisher={Springer},
}
@article{LowerBoundsLR,
  author       = {H{\o}gemo, S.},
  title        = {Lower Bounds for Leaf Rank of Leaf Powers},
  journal      = {CoRR},
  volume       = {abs/2402.18245},
  year         = {2024},
  url          = {https://doi.org/10.48550/arXiv.2402.18245},
  doi          = {10.48550/ARXIV.2402.18245},
  eprinttype    = {arXiv},
  eprint       = {2402.18245},
  timestamp    = {Tue, 26 Mar 2024 10:51:46 +0100},
  biburl       = {https://dblp.org/rec/journals/corr/abs-2402-18245.bib},
  bibsource    = {dblp computer science bibliography, https://dblp.org}
}

@article{NISHIMURA200269,
author = {Nishimura, N. and Ragde, P and Thilikos, D.},
title = {On Graph Powers for Leaf-Labeled Trees},
journal = {Journal of Algorithms},
volume = {42},
number = {1},
pages = {69-108},
year = {2002},
issn = {0196-6774},
doi = {https://doi.org/10.1006/jagm.2001.1195},
url = {https://www.sciencedirect.com/science/article/pii/S0196677401911952},
}

@article{raychaudhuri1992powers,
  author={Raychaudhuri, A.},
  title={On powers of strongly chordal and circular arc graphs},
  journal={Ars Combin.},
  volume={34},
  pages={147--160},
  year={1992},
}

@article{WAGNER20095505,
author = {Wagner, P. and Brandstädt, A.},
title = {The complete inclusion structure of leaf power classes},
journal = {Theoretical Computer Science},
volume = {410},
number = {52},
pages = {5505-5514},
year = {2009},
note = {Combinatorial Optimization and Applications},
issn = {0304-3975},
doi = {https://doi.org/10.1016/j.tcs.2009.06.031},
url = {https://www.sciencedirect.com/science/article/pii/S0304397509004137},
}



@article{ahmed2020graph,
  title={Graph spanners: A tutorial review},
  author={Ahmed, R. and Bodwin, G. and Sahneh, F. and Hamm, K. and Jebelli, M. and Kobourov, S. and Spence, R.},
  journal={Computer Science Review},
  volume={37},
  pages={100253},
  year={2020},
  publisher={Elsevier}
}


@article{althofer1993sparse,
  title={On sparse spanners of weighted graphs},
  author={Alth{\"o}fer, I. and Das, G. and Dobkin, D. and Joseph, D. and Soares, J.},
  journal={Discrete \& Computational Geometry},
  volume={9},
  number={1},
  pages={81--100},
  year={1993},
  publisher={Springer}
}



@inproceedings{cohen2020light,
  title={On light spanners, low-treewidth embeddings and efficient traversing in minor-free graphs},
  author={Cohen-Addad, V. and Filtser, A. and Klein, P. and Le, H.},
  booktitle={2020 IEEE 61st Annual Symposium on Foundations of Computer Science (FOCS)},
  pages={589--600},
  year={2020},
  organization={IEEE}
}


@inproceedings{thorup2006spanners,
  title={Spanners and emulators with sublinear distance errors},
  author={Thorup, M. and Zwick, U.},
  booktitle={Proceedings of the seventeenth annual ACM-SIAM symposium on Discrete algorithm},
  pages={802--809},
  year={2006}
}

@article{dor2000all,
  title={All-pairs almost shortest paths},
  author={Dor, D. and Halperin, S. and Zwick, U.},
  journal={SIAM Journal on Computing},
  volume={29},
  number={5},
  pages={1740--1759},
  year={2000},
  publisher={SIAM}
}


@inproceedings{chang2022almost,
  title={Almost-linear $\varepsilon$-emulators for planar graphs},
  author={Chang, H-C. and Krauthgamer, R. and Tan, Z.},
  booktitle={Proceedings of the 54th Annual ACM SIGACT Symposium on Theory of Computing},
  pages={1311--1324},
  year={2022}
}

@inproceedings{filtser2021graph,
  title={Graph spanners by sketching in dynamic streams and the simultaneous communication model},
  author={Filtser, A. and Kapralov, M. and Nouri, N.},
  booktitle={Proceedings of the 2021 ACM-SIAM Symposium on Discrete Algorithms (SODA)},
  pages={1894--1913},
  year={2021},
  organization={SIAM}
}


@inproceedings{le2022near,
  title={Near-Optimal Spanners for General Graphs in (Nearly) Linear Time},
  author={Le, H. and Solomon, S.},
  booktitle={Proceedings of the 2022 Annual ACM-SIAM Symposium on Discrete Algorithms (SODA)},
  pages={3332--3361},
  year={2022},
  organization={SIAM}
}

@inproceedings{van2022fast,
  title={Fast deterministic fully dynamic distance approximation},
  author={Van Den Brand, J. and Forster, S. and Nazari, Y.},
  booktitle={2022 IEEE 63rd Annual Symposium on Foundations of Computer Science (FOCS)},
  pages={1011--1022},
  year={2022},
  organization={IEEE}
}

@article{long2020exact,
  title={Exact-2-relation graphs},
  author={Long, Y. and Stadler, P.},
  journal={Discrete Applied Mathematics},
  volume={285},
  pages={212--226},
  year={2020},
  publisher={Elsevier}
}


@article{hellmuth2020generalized,
  title={Generalized Fitch graphs II: Sets of binary relations that are explained by edge-labeled trees},
  author={Hellmuth, M. and Seemann, C. and Stadler, P.},
  journal={Discrete Applied Mathematics},
  volume={283},
  pages={495--511},
  year={2020},
  publisher={Elsevier}
}


@article{lafond2014orthology,
  title={Orthology and paralogy constraints: satisfiability and consistency},
  author={Lafond, M. and El-Mabrouk, N.},
  journal={BMC genomics},
  volume={15},
  pages={1--10},
  year={2014},
  publisher={Springer}
}



@article{duran2015unit,
  title={On unit interval graphs with integer endpoints},
  author={Dur{\'a}n, G. and Slezak, F. and Grippo, L. and Oliveira, F. and Szwarcfiter, J.},
  journal={Electronic Notes in Discrete Mathematics},
  volume={50},
  pages={445--450},
  year={2015},
  publisher={Elsevier}
}

@inproceedings{le2023computing,
  title={Computing optimal leaf roots of chordal cographs in linear time},
  author={Le, V. and Rosenke, C.},
  booktitle={International Symposium on Fundamentals of Computation Theory},
  pages={348--362},
  year={2023},
  organization={Springer}
}