@article{copytree,
  author    = {Bernhard Haeupler and
               D. Ellis Hershkowitz and
               Goran Zuzic},
  title     = {Deterministic Tree Embeddings with Copies for Algorithms Against Adaptive
               Adversaries},
  journal   = {CoRR},
  volume    = {abs/2102.05168},
  year      = {2021},
  url       = {https://arxiv.org/abs/2102.05168},
  eprinttype = {arXiv},
  eprint    = {2102.05168},
  timestamp = {Thu, 18 Feb 2021 15:26:00 +0100},
  biburl    = {https://dblp.org/rec/journals/corr/abs-2102-05168.bib},
  bibsource = {dblp computer science bibliography, https://dblp.org}
}

@article{Cohen97,
  author       = {Edith Cohen},
  title        = {Size-Estimation Framework with Applications to Transitive Closure
                  and Reachability},
  journal      = {J. Comput. Syst. Sci.},
  volume       = {55},
  number       = {3},
  pages        = {441--453},
  year         = {1997},
  url          = {https://doi.org/10.1006/jcss.1997.1534},
  doi          = {10.1006/JCSS.1997.1534},
  timestamp    = {Tue, 16 Feb 2021 14:04:27 +0100},
  biburl       = {https://dblp.org/rec/journals/jcss/Cohen97.bib},
  bibsource    = {dblp computer science bibliography, https://dblp.org}
}

@inproceedings{Thorup03,
  author       = {Mikkel Thorup},
  editor       = {Lawrence L. Larmore and
                  Michel X. Goemans},
  title        = {Integer priority queues with decrease key in constant time and the
                  single source shortest paths problem},
  booktitle    = {Proceedings of the 35th Annual {ACM} Symposium on Theory of Computing,
                  June 9-11, 2003, San Diego, CA, {USA}},
  pages        = {149--158},
  publisher    = {{ACM}},
  year         = {2003},
  url          = {https://doi.org/10.1145/780542.780566},
  doi          = {10.1145/780542.780566},
  timestamp    = {Tue, 06 Nov 2018 11:07:04 +0100},
  biburl       = {https://dblp.org/rec/conf/stoc/Thorup03.bib},
  bibsource    = {dblp computer science bibliography, https://dblp.org}
}

% FOCS
@inproceedings{Gabow83,
  author    = {Harold N. Gabow},
  title     = {Scaling Algorithms for Network Problems},
  booktitle = {24th Annual Symposium on Foundations of Computer Science (FOCS 1983)},
  pages     = {248--257},
  publisher = {{IEEE} Computer Society},
  year      = {1983},
  url       = {https://doi.org/10.1109/SFCS.1983.68},
  doi       = {10.1109/SFCS.1983.68},
  timestamp = {Wed, 16 Oct 2019 14:14:54 +0200},
  biburl    = {https://dblp.org/rec/conf/focs/Gabow83.bib},
  bibsource = {dblp computer science bibliography, https://dblp.org}
}

@inproceedings{FredmanT84,
  author    = {Michael L. Fredman and
               Robert Endre Tarjan},
  title     = {Fibonacci Heaps and Their Uses in Improved Network Optimization Algorithms},
  booktitle = {25th Annual Symposium on Foundations of Computer Science (FOCS 1984)},
  pages     = {338--346},
  publisher = {{IEEE} Computer Society},
  year      = {1984},
  url       = {https://doi.org/10.1109/SFCS.1984.715934},
  doi       = {10.1109/SFCS.1984.715934},
  timestamp = {Wed, 16 Oct 2019 14:14:54 +0200},
  biburl    = {https://dblp.org/rec/conf/focs/FredmanT84.bib},
  bibsource = {dblp computer science bibliography, https://dblp.org}
}

@inproceedings{AwerbuchGLP89,
  author    = {Baruch Awerbuch and
               Andrew V. Goldberg and
               Michael Luby and
               Serge A. Plotkin},
  title     = {Network Decomposition and Locality in Distributed Computation},
  booktitle = {30th Annual Symposium on Foundations of Computer Science (FOCS 1989)},
  pages     = {364--369},
  publisher = {{IEEE} Computer Society},
  year      = {1989},
  url       = {https://doi.org/10.1109/SFCS.1989.63504},
  doi       = {10.1109/SFCS.1989.63504},
  timestamp = {Wed, 16 Oct 2019 14:14:54 +0200},
  biburl    = {https://dblp.org/rec/conf/focs/AwerbuchGLP89.bib},
  bibsource = {dblp computer science bibliography, https://dblp.org}
}

@inproceedings{Bartal96,
  author    = {Yair Bartal},
  title     = {Probabilistic Approximations of Metric Spaces and Its Algorithmic
               Applications},
  booktitle = {37th Annual Symposium on Foundations of Computer Science (FOCS 1996)},
  pages     = {184--193},
  publisher = {{IEEE} Computer Society},
  year      = {1996},
  url       = {https://doi.org/10.1109/SFCS.1996.548477},
  doi       = {10.1109/SFCS.1996.548477},
  timestamp = {Wed, 16 Oct 2019 14:14:54 +0200},
  biburl    = {https://dblp.org/rec/conf/focs/Bartal96.bib},
  bibsource = {dblp computer science bibliography, https://dblp.org}
}

@inproceedings{FakcharoenpholR01,
  author    = {Jittat Fakcharoenphol and
               Satish Rao},
  title     = {Planar Graphs, Negative Weight Edges, Shortest Paths, Near Linear
               Time},
  booktitle = {42nd Annual Symposium on Foundations of Computer Science (FOCS 2001)},
  pages     = {232--241},
  publisher = {{IEEE} Computer Society},
  year      = {2001},
  url       = {https://doi.org/10.1109/SFCS.2001.959897},
  doi       = {10.1109/SFCS.2001.959897},
  timestamp = {Wed, 16 Oct 2019 14:14:54 +0200},
  biburl    = {https://dblp.org/rec/conf/focs/FakcharoenpholR01.bib},
  bibsource = {dblp computer science bibliography, https://dblp.org}
}

@inproceedings{AbrahamBN08,
  author       = {Ittai Abraham and
                  Yair Bartal and
                  Ofer Neiman},
  title        = {Nearly Tight Low Stretch Spanning Trees},
  booktitle    = {49th Annual Symposium on Foundations of Computer Science (FOCS 2008)},
  pages        = {781--790},
  publisher    = {{IEEE} Computer Society},
  year         = {2008},
  url          = {https://doi.org/10.1109/FOCS.2008.62},
  doi          = {10.1109/FOCS.2008.62},
  timestamp    = {Thu, 23 Mar 2023 23:57:54 +0100},
  biburl       = {https://dblp.org/rec/conf/focs/AbrahamBN08.bib},
  bibsource    = {dblp computer science bibliography, https://dblp.org}
}

@inproceedings{KoutisMP11,
  author       = {Ioannis Koutis and
                  Gary L. Miller and
                  Richard Peng},
  editor       = {Rafail Ostrovsky},
  title        = {A Nearly-m log n Time Solver for {SDD} Linear Systems},
  booktitle    = {52th Annual Symposium on Foundations of Computer Science (FOCS 2011)},
  pages        = {590--598},
  publisher    = {{IEEE} Computer Society},
  year         = {2011},
  url          = {https://doi.org/10.1109/FOCS.2011.85},
  doi          = {10.1109/FOCS.2011.85},
  timestamp    = {Thu, 23 Mar 2023 23:57:53 +0100},
  biburl       = {https://dblp.org/rec/conf/focs/KoutisMP11.bib},
  bibsource    = {dblp computer science bibliography, https://dblp.org}
}

@inproceedings{AxiotisMV20,
  author    = {Kyriakos Axiotis and
               Aleksander Madry and
               Adrian Vladu},
  editor    = {Sandy Irani},
  title     = {Circulation Control for Faster Minimum Cost Flow in Unit-Capacity
               Graphs},
  booktitle = {61st Annual Symposium on Foundations of Computer Science (FOCS 2020)},
  pages     = {93--104},
  publisher = {{IEEE}},
  year      = {2020},
  url       = {https://doi.org/10.1109/FOCS46700.2020.00018},
  doi       = {10.1109/FOCS46700.2020.00018},
  timestamp = {Wed, 15 Dec 2021 10:49:16 +0100},
  biburl    = {https://dblp.org/rec/conf/focs/AxiotisMV20.bib},
  bibsource = {dblp computer science bibliography, https://dblp.org}
}

@inproceedings{BrandLNPSS0W20,
  author    = {Jan van den Brand and
               Yin Tat Lee and
               Danupon Nanongkai and
               Richard Peng and
               Thatchaphol Saranurak and
               Aaron Sidford and
               Zhao Song and
               Di Wang},
  editor    = {Sandy Irani},
  title     = {Bipartite Matching in Nearly-linear Time on Moderately Dense Graphs},
  booktitle = {61st Annual Symposium on Foundations of Computer Science (FOCS 2020)},
  pages     = {919--930},
  publisher = {{IEEE}},
  year      = {2020},
  url       = {https://doi.org/10.1109/FOCS46700.2020.00090},
  doi       = {10.1109/FOCS46700.2020.00090},
  timestamp = {Wed, 15 Dec 2021 10:49:16 +0100},
  biburl    = {https://dblp.org/rec/conf/focs/BrandLNPSS0W20.bib},
  bibsource = {dblp computer science bibliography, https://dblp.org}
}

@inproceedings{BernsteinGW20,
  author    = {Aaron Bernstein and
               Maximilian Probst Gutenberg and
               Christian Wulff{-}Nilsen},
  editor    = {Sandy Irani},
  title     = {Near-Optimal Decremental {SSSP} in Dense Weighted Digraphs},
  booktitle = {61st Annual Symposium on Foundations of Computer Science (FOCS 2020)},
  pages     = {1112--1122},
  publisher = {{IEEE}},
  year      = {2020},
  url       = {https://doi.org/10.1109/FOCS46700.2020.00107},
  doi       = {10.1109/FOCS46700.2020.00107},
  timestamp = {Wed, 15 Dec 2021 10:49:16 +0100},
  biburl    = {https://dblp.org/rec/conf/focs/BernsteinGW20.bib},
  bibsource = {dblp computer science bibliography, https://dblp.org}
}

@inproceedings{BernsteinGS20,
  author       = {Aaron Bernstein and
                  Maximilian Probst Gutenberg and
                  Thatchaphol Saranurak},
  editor       = {Sandy Irani},
  title        = {Deterministic Decremental Reachability, SCC, and Shortest Paths via
                  Directed Expanders and Congestion Balancing},
  booktitle    = {61st Annual Symposium on Foundations of Computer Science (FOCS 2020)},
  pages        = {1123--1134},
  publisher    = {{IEEE}},
  year         = {2020},
  url          = {https://doi.org/10.1109/FOCS46700.2020.00108},
  doi          = {10.1109/FOCS46700.2020.00108},
  timestamp    = {Mon, 05 Feb 2024 20:33:36 +0100},
  biburl       = {https://dblp.org/rec/conf/focs/BernsteinGS20.bib},
  bibsource    = {dblp computer science bibliography, https://dblp.org}
}

@inproceedings{BernsteinNW22,
  author    = {Aaron Bernstein and
               Danupon Nanongkai and
               Christian Wulff{-}Nilsen},
  title     = {Negative-Weight Single-Source Shortest Paths in Near-linear Time},
  booktitle = {63rd Annual Symposium on Foundations of Computer Science (FOCS 2022)},
  pages     = {600--611},
  publisher = {{IEEE}},
  year      = {2022},
  url       = {https://doi.org/10.1109/FOCS54457.2022.00063},
  doi       = {10.1109/FOCS54457.2022.00063},
  timestamp = {Sat, 31 Dec 2022 17:18:44 +0100},
  biburl    = {https://dblp.org/rec/conf/focs/BernsteinNW22.bib},
  bibsource = {dblp computer science bibliography, https://dblp.org}
}

@inproceedings{ChenKLPGS22,
  author    = {Li Chen and
               Rasmus Kyng and
               Yang P. Liu and
               Richard Peng and
               Maximilian Probst Gutenberg and
               Sushant Sachdeva},
  title     = {Maximum Flow and Minimum-Cost Flow in Almost-Linear Time},
  booktitle = {63rd Annual Symposium on Foundations of Computer Science (FOCS 2022)},
  pages     = {612--623},
  publisher = {{IEEE}},
  year      = {2022},
  url       = {https://doi.org/10.1109/FOCS54457.2022.00064},
  doi       = {10.1109/FOCS54457.2022.00064},
  timestamp = {Sat, 31 Dec 2022 17:18:44 +0100},
  biburl    = {https://dblp.org/rec/conf/focs/ChenKLPGS22.bib},
  bibsource = {dblp computer science bibliography, https://dblp.org}
}

@inproceedings{BringmannCF23,
  author       = {Karl Bringmann and
                  Alejandro Cassis and
                  Nick Fischer},
  title        = {Negative-Weight Single-Source Shortest Paths in Near-Linear Time:
                  Now Faster!},
  booktitle    = {64th Annual Symposium on Foundations of Computer Science (FOCS 2023)},
  pages        = {515--538},
  publisher    = {{IEEE}},
  year         = {2023},
  url          = {https://doi.org/10.1109/FOCS57990.2023.00038},
  doi          = {10.1109/FOCS57990.2023.00038},
  timestamp    = {Tue, 02 Jan 2024 15:09:54 +0100},
  biburl       = {https://dblp.org/rec/conf/focs/BringmannCF23.bib},
  bibsource    = {dblp computer science bibliography, https://dblp.org}
}

@inproceedings{BernsteinBST24,
  author       = {Aaron Bernstein and
                  Joakim Blikstad and
                  Thatchaphol Saranurak and
                  Ta-Wei Tu},
  title        = {Maximum Flow by Augmenting Paths in {$n^{2+o(1)}$} Time},
  booktitle    = {65th Annual Symposium on Foundations of Computer Science (FOCS 2024)},
  publisher    = {{IEEE}},
  year         = {2024},
  note         = {To appear, see \url{https://arxiv.org/abs/2406.03648}.},
}

% STOC
@inproceedings{KleinRRS94,
  author    = {Philip N. Klein and
               Satish Rao and
               Monika Rauch Henzinger and
               Sairam Subramanian},
  editor    = {Frank Thomson Leighton and
               Michael T. Goodrich},
  title     = {Faster shortest-path algorithms for planar graphs},
  booktitle = {26th Annual {ACM} Symposium on Theory of
               Computing (STOC 1994)},
  pages     = {27--37},
  publisher = {{ACM}},
  year      = {1994},
  url       = {https://doi.org/10.1145/195058.195092},
  doi       = {10.1145/195058.195092},
  timestamp = {Tue, 06 Nov 2018 11:07:04 +0100},
  biburl    = {https://dblp.org/rec/conf/stoc/KleinRRS94.bib},
  bibsource = {dblp computer science bibliography, https://dblp.org}
}

@inproceedings{Bartal98,
  author       = {Yair Bartal},
  editor       = {Jeffrey Scott Vitter},
  title        = {On Approximating Arbitrary Metrices by Tree Metrics},
  booktitle    = {30th Annual {ACM} Symposium on Theory of
                  Computing (STOC 1998)},
  pages        = {161--168},
  publisher    = {{ACM}},
  year         = {1998},
  url          = {https://doi.org/10.1145/276698.276725},
  doi          = {10.1145/276698.276725},
  timestamp    = {Tue, 06 Nov 2018 11:07:04 +0100},
  biburl       = {https://dblp.org/rec/conf/stoc/Bartal98.bib},
  bibsource    = {dblp computer science bibliography, https://dblp.org}
}

@inproceedings{AbrahamN12,
  author       = {Ittai Abraham and
                  Ofer Neiman},
  editor       = {Howard J. Karloff and
                  Toniann Pitassi},
  title        = {Using petal-decompositions to build a low stretch spanning tree},
  booktitle    = {44th Annual {ACM} Symposium on Theory of
                  Computing (STOC 2012)},
  pages        = {395--406},
  publisher    = {{ACM}},
  year         = {2012},
  url          = {https://doi.org/10.1145/2213977.2214015},
  doi          = {10.1145/2213977.2214015},
  timestamp    = {Tue, 06 Nov 2018 11:07:05 +0100},
  biburl       = {https://dblp.org/rec/conf/stoc/AbrahamN12.bib},
  bibsource    = {dblp computer science bibliography, https://dblp.org}
}

@inproceedings{ForsterG19,
  author    = {Sebastian Forster and
               Gramoz Goranci},
  editor    = {Moses Charikar and
               Edith Cohen},
  title     = {Dynamic low-stretch trees via dynamic low-diameter decompositions},
  booktitle = {51st Annual {ACM} Symposium on Theory of
               Computing (STOC 2019)},
  pages     = {377--388},
  publisher = {{ACM}},
  year      = {2019},
  url       = {https://doi.org/10.1145/3313276.3316381},
  doi       = {10.1145/3313276.3316381},
  timestamp = {Fri, 27 Dec 2019 21:19:23 +0100},
  biburl    = {https://dblp.org/rec/conf/stoc/ForsterG19.bib},
  bibsource = {dblp computer science bibliography, https://dblp.org}
}

@inproceedings{ChechikLRS20,
  author       = {Shiri Chechik and
                  Yang P. Liu and
                  Omer Rotem and
                  Aaron Sidford},
  editor       = {Konstantin Makarychev and
                  Yury Makarychev and
                  Madhur Tulsiani and
                  Gautam Kamath and
                  Julia Chuzhoy},
  title        = {Constant girth approximation for directed graphs in subquadratic time},
  booktitle    = {52nd Annual {ACM} Symposium on Theory of
               Computing (STOC 2020)},
  pages        = {1010--1023},
  publisher    = {{ACM}},
  year         = {2020},
  url          = {https://doi.org/10.1145/3357713.3384330},
  doi          = {10.1145/3357713.3384330},
  timestamp    = {Mon, 18 Dec 2023 07:33:37 +0100},
  biburl       = {https://dblp.org/rec/conf/stoc/ChechikLRS20.bib},
  bibsource    = {dblp computer science bibliography, https://dblp.org}
}

@inproceedings{BrandLLSS0W21,
  author    = {Jan van den Brand and
               Yin Tat Lee and
               Yang P. Liu and
               Thatchaphol Saranurak and
               Aaron Sidford and
               Zhao Song and
               Di Wang},
  editor    = {Samir Khuller and
               Virginia Vassilevska Williams},
  title     = {Minimum cost flows, MDPs, and {$\ell_1$}-regression
               in nearly linear time for dense instances},
  booktitle = {53rd Annual {ACM} Symposium on Theory of
               Computing (STOC 2021)},
  pages     = {859--869},
  publisher = {{ACM}},
  year      = {2021},
  url       = {https://doi.org/10.1145/3406325.3451108},
  doi       = {10.1145/3406325.3451108},
  timestamp = {Sat, 08 Jan 2022 02:24:27 +0100},
  biburl    = {https://dblp.org/rec/conf/stoc/BrandLLSS0W21.bib},
  bibsource = {dblp computer science bibliography, https://dblp.org}
}

@inproceedings{HaeuplerHZ21,
  author       = {Bernhard Haeupler and
                  D. Ellis Hershkowitz and
                  Goran Zuzic},
  editor       = {Samir Khuller and
                  Virginia Vassilevska Williams},
  title        = {Tree embeddings for hop-constrained network design},
  booktitle    = {53rd Annual {ACM} Symposium on Theory of
               Computing (STOC 2021)},
  pages        = {356--369},
  publisher    = {{ACM}},
  year         = {2021},
  url          = {https://doi.org/10.1145/3406325.3451053},
  doi          = {10.1145/3406325.3451053},
  timestamp    = {Sat, 08 Jan 2022 02:24:28 +0100},
  biburl       = {https://dblp.org/rec/conf/stoc/HaeuplerHZ21.bib},
  bibsource    = {dblp computer science bibliography, https://dblp.org}
}

@inproceedings{ChuzhoyK24,
  author       = {Julia Chuzhoy and
                  Sanjeev Khanna},
  editor       = {Bojan Mohar and
                  Igor Shinkar and
                  Ryan O'Donnell},
  title        = {Maximum Bipartite Matching in n\({}^{\mbox{2+o(1)}}\) Time via a Combinatorial
                  Algorithm},
  booktitle    = {56th Annual {ACM} Symposium on Theory of
               Computing (STOC 2024)},
  pages        = {83--94},
  publisher    = {{ACM}},
  year         = {2024},
  url          = {https://doi.org/10.1145/3618260.3649725},
  doi          = {10.1145/3618260.3649725},
  timestamp    = {Tue, 18 Jun 2024 09:24:04 +0200},
  biburl       = {https://dblp.org/rec/conf/stoc/ChuzhoyK24.bib},
  bibsource    = {dblp computer science bibliography, https://dblp.org}
}

% SODA
@inproceedings{KleinMW09,
  author    = {Philip N. Klein and
               Shay Mozes and
               Oren Weimann},
  editor    = {Claire Mathieu},
  title     = {Shortest paths in directed planar graphs with negative lengths: a
               linear-space {$O(n \log^2 n)$}-time algorithm},
  booktitle = {20th Annual {ACM-SIAM} Symposium on Discrete
               Algorithms ({SODA} 2009)},
  pages     = {236--245},
  publisher = {{SIAM}},
  year      = {2009},
  url       = {http://dl.acm.org/citation.cfm?id=1496770.1496797},
  timestamp = {Tue, 02 Feb 2021 17:07:29 +0100},
  biburl    = {https://dblp.org/rec/conf/soda/KleinMW09.bib},
  bibsource = {dblp computer science bibliography, https://dblp.org}
}

@inproceedings{RackeST14,
  author       = {Harald R{\"{a}}cke and
                  Chintan Shah and
                  Hanjo T{\"{a}}ubig},
  editor       = {Chandra Chekuri},
  title        = {Computing Cut-Based Hierarchical Decompositions in Almost Linear Time},
  booktitle    = {25th Annual {ACM-SIAM} Symposium on Discrete
               Algorithms ({SODA} 2014)},
  pages        = {227--238},
  publisher    = {{SIAM}},
  year         = {2014},
  url          = {https://doi.org/10.1137/1.9781611973402.17},
  doi          = {10.1137/1.9781611973402.17},
  timestamp    = {Tue, 02 Feb 2021 17:07:55 +0100},
  biburl       = {https://dblp.org/rec/conf/soda/RackeST14.bib},
  bibsource    = {dblp computer science bibliography, https://dblp.org}
}

@inproceedings{CohenMSV17,
  author    = {Michael B. Cohen and
               Aleksander Madry and
               Piotr Sankowski and
               Adrian Vladu},
  editor    = {Philip N. Klein},
  title     = {Negative-Weight Shortest Paths and Unit Capacity Minimum Cost Flow
               in {$\widetilde O(m^{10/7} \log W)$} Time},
  booktitle = {28th Annual {ACM-SIAM} Symposium on Discrete
               Algorithms ({SODA} 2017)},
  pages     = {752--771},
  publisher = {{SIAM}},
  year      = {2017},
  url       = {https://doi.org/10.1137/1.9781611974782.48},
  doi       = {10.1137/1.9781611974782.48},
  timestamp = {Tue, 02 Feb 2021 17:07:44 +0100},
  biburl    = {https://dblp.org/rec/conf/soda/CohenMSV17.bib},
  bibsource = {dblp computer science bibliography, https://dblp.org}
}

@inproceedings{PachockiRSTW18,
  author    = {Jakub Pachocki and
               Liam Roditty and
               Aaron Sidford and
               Roei Tov and
               Virginia Vassilevska Williams},
  editor    = {Artur Czumaj},
  title     = {Approximating Cycles in Directed Graphs: Fast Algorithms for Girth
               and Roundtrip Spanners},
  booktitle = {29th Annual {ACM-SIAM} Symposium on Discrete
               Algorithms ({SODA} 2018)},
  pages     = {1374--1392},
  publisher = {{SIAM}},
  year      = {2018},
  url       = {https://doi.org/10.1137/1.9781611975031.91},
  doi       = {10.1137/1.9781611975031.91},
  timestamp = {Tue, 02 Feb 2021 17:07:58 +0100},
  biburl    = {https://dblp.org/rec/conf/soda/PachockiRSTW18.bib},
  bibsource = {dblp computer science bibliography, https://dblp.org}
}

@inproceedings{ChechikZ20,
  author    = {Shiri Chechik and
               Tianyi Zhang},
  editor    = {Shuchi Chawla},
  title     = {Dynamic Low-Stretch Spanning Trees in Subpolynomial Time},
  booktitle = {31st Annual {ACM-SIAM} Symposium on Discrete
               Algorithms ({SODA} 2020)},
  pages     = {463--475},
  publisher = {{SIAM}},
  year      = {2020},
  url       = {https://doi.org/10.1137/1.9781611975994.28},
  doi       = {10.1137/1.9781611975994.28},
  timestamp = {Thu, 15 Jul 2021 13:48:55 +0200},
  biburl    = {https://dblp.org/rec/conf/soda/ChechikZ20.bib},
  bibsource = {dblp computer science bibliography, https://dblp.org}
}

@inproceedings{AlmanW21,
  author    = {Josh Alman and
               Virginia Vassilevska Williams},
  editor    = {D{\'{a}}niel Marx},
  title     = {A Refined Laser Method and Faster Matrix Multiplication},
  booktitle = {32nd Annual {ACM-SIAM} Symposium on Discrete
               Algorithms ({SODA} 2021)},
  pages     = {522--539},
  publisher = {{SIAM}},
  year      = {2021},
  url       = {https://doi.org/10.1137/1.9781611976465.32},
  doi       = {10.1137/1.9781611976465.32},
  timestamp = {Thu, 15 Jul 2021 13:49:00 +0200},
  biburl    = {https://dblp.org/rec/conf/soda/AlmanW21.bib},
  bibsource = {dblp computer science bibliography, https://dblp.org}
}

@inproceedings{ZuzicGYHS22,
  author       = {Goran Zuzic and
                  Gramoz Goranci and
                  Mingquan Ye and
                  Bernhard Haeupler and
                  Xiaorui Sun},
  editor       = {Joseph (Seffi) Naor and
                  Niv Buchbinder},
  title        = {Universally-Optimal Distributed Shortest Paths and Transshipment via
                  Graph-Based {$\ell_1$}-Oblivious Routing},
  booktitle    = {33rd Annual {ACM-SIAM} Symposium on Discrete
               Algorithms ({SODA} 2022)},
  pages        = {2549--2579},
  publisher    = {{SIAM}},
  year         = {2022},
  url          = {https://doi.org/10.1137/1.9781611977073.100},
  doi          = {10.1137/1.9781611977073.100},
  timestamp    = {Tue, 12 Apr 2022 11:24:56 +0200},
  biburl       = {https://dblp.org/rec/conf/soda/ZuzicGYHS22.bib},
  bibsource    = {dblp computer science bibliography, https://dblp.org}
}

@inproceedings{HuaKGW23,
  author       = {Yiding Hua and
                  Rasmus Kyng and
                  Maximilian Probst Gutenberg and
                  Zihang Wu},
  editor       = {Nikhil Bansal and
                  Viswanath Nagarajan},
  title        = {Maintaining Expander Decompositions via Sparse Cuts},
  booktitle    = {34th Annual {ACM-SIAM} Symposium on Discrete
               Algorithms ({SODA} 2023)},
  pages        = {48--69},
  publisher    = {{SIAM}},
  year         = {2023},
  url          = {https://doi.org/10.1137/1.9781611977554.ch2},
  doi          = {10.1137/1.9781611977554.CH2},
  timestamp    = {Mon, 05 Feb 2024 20:28:16 +0100},
  biburl       = {https://dblp.org/rec/conf/soda/HuaKGW23.bib},
  bibsource    = {dblp computer science bibliography, https://dblp.org}
}

@inproceedings{AshvinkumarBK25,
  author       = {Vikrant Ashvinkumar and
                  Aaron Bernstein and
                  Adam Karczmarz},
  editor       = {Yossi Azar and
                  Debmalya Panigrahi},
  title        = {Faster Approximation Algorithms for Restricted Shortest Paths in Directed
                  Graphs},
  booktitle    = {36th Annual {ACM-SIAM} Symposium on Discrete
               Algorithms ({SODA} 2025)},
  pages        = {5263--5277},
  publisher    = {{SIAM}},
  year         = {2025},
  url          = {https://doi.org/10.1137/1.9781611978322.180},
  doi          = {10.1137/1.9781611978322.180},
  timestamp    = {Tue, 28 Jan 2025 14:38:41 +0100},
  biburl       = {https://dblp.org/rec/conf/soda/AshvinkumarBK25.bib},
  bibsource    = {dblp computer science bibliography, https://dblp.org}
}

% ICALP
@inproceedings{BringmannF13,
  author    = {Karl Bringmann and
               Tobias Friedrich},
  editor    = {Fedor V. Fomin and
               Rusins Freivalds and
               Marta Z. Kwiatkowska and
               David Peleg},
  title     = {Exact and Efficient Generation of Geometric Random Variates and Random
               Graphs},
  booktitle = {40th International Colloquium on Automata, Languages, and Programming ({ICALP} 2013)},
  series    = {Lecture Notes in Computer Science},
  volume    = {7965},
  pages     = {267--278},
  publisher = {Springer},
  year      = {2013},
  url       = {https://doi.org/10.1007/978-3-642-39206-1\_23},
  doi       = {10.1007/978-3-642-39206-1\_23},
  timestamp = {Tue, 14 May 2019 10:00:44 +0200},
  biburl    = {https://dblp.org/rec/conf/icalp/BringmannF13.bib},
  bibsource = {dblp computer science bibliography, https://dblp.org}
}

% ESA
@inproceedings{Raman96,
  author    = {Rajeev Raman},
  editor    = {Josep D{\'{\i}}az and
               Maria J. Serna},
  title     = {Priority Queues: Small, Monotone and Trans-dichotomous},
  booktitle = {4th Annual European Symposium on Algorithms ({ESA} 1996)},
  series    = {Lecture Notes in Computer Science},
  volume    = {1136},
  pages     = {121--137},
  publisher = {Springer},
  year      = {1996},
  url       = {https://doi.org/10.1007/3-540-61680-2\_51},
  doi       = {10.1007/3-540-61680-2\_51},
  timestamp = {Tue, 14 May 2019 10:00:54 +0200},
  biburl    = {https://dblp.org/rec/conf/esa/Raman96.bib},
  bibsource = {dblp computer science bibliography, https://dblp.org}
}

@inproceedings{Sankowski05,
  author    = {Piotr Sankowski},
  editor    = {Gerth St{\o}lting Brodal and
               Stefano Leonardi},
  title     = {Shortest Paths in Matrix Multiplication Time},
  booktitle = {13th Annual European Symposium on Algorithms ({ESA} 2005)},
  series    = {Lecture Notes in Computer Science},
  volume    = {3669},
  pages     = {770--778},
  publisher = {Springer},
  year      = {2005},
  url       = {https://doi.org/10.1007/11561071\_68},
  doi       = {10.1007/11561071\_68},
  timestamp = {Tue, 14 May 2019 10:00:54 +0200},
  biburl    = {https://dblp.org/rec/conf/esa/Sankowski05.bib},
  bibsource = {dblp computer science bibliography, https://dblp.org}
}

% PODC
@inproceedings{AwerbuchBCP92,
  author    = {Baruch Awerbuch and
               Bonnie Berger and
               Lenore Cowen and
               David Peleg},
  editor    = {Norman C. Hutchinson},
  title     = {Fast Network Decomposition (Extended Abstract)},
  booktitle = {11th Annual {ACM} Symposium on Principles of
               Distributed Computing (PODC 1992)},
  pages     = {169--177},
  publisher = {{ACM}},
  year      = {1992},
  url       = {https://doi.org/10.1145/135419.135456},
  doi       = {10.1145/135419.135456},
  timestamp = {Tue, 06 Nov 2018 11:07:18 +0100},
  biburl    = {https://dblp.org/rec/conf/podc/AwerbuchBCP92.bib},
  bibsource = {dblp computer science bibliography, https://dblp.org}
}

% SPAA
@inproceedings{MillerPX13,
  author    = {Gary L. Miller and
               Richard Peng and
               Shen Chen Xu},
  editor    = {Guy E. Blelloch and
               Berthold V{\"{o}}cking},
  title     = {Parallel graph decompositions using random shifts},
  booktitle = {25th {ACM} Symposium on Parallelism in Algorithms and Architectures ({SPAA} 2013)},
  pages     = {196--203},
  publisher = {{ACM}},
  year      = {2013},
  url       = {https://doi.org/10.1145/2486159.2486180},
  doi       = {10.1145/2486159.2486180},
  timestamp = {Wed, 21 Nov 2018 11:17:49 +0100},
  biburl    = {https://dblp.org/rec/conf/spaa/MillerPX13.bib},
  bibsource = {dblp computer science bibliography, https://dblp.org}
}

% OPODIS
@inproceedings{ForsterGV21,
  author    = {Sebastian Forster and
               Martin Gr{\"{o}}sbacher and
               Tijn de Vos},
  editor    = {Quentin Bramas and
               Vincent Gramoli and
               Alessia Milani},
  title     = {An Improved Random Shift Algorithm for Spanners and Low Diameter Decompositions},
  booktitle = {25th International Conference on Principles of Distributed Systems ({OPODIS} 2021)},
  series    = {LIPIcs},
  volume    = {217},
  pages     = {16:1--16:17},
  publisher = {Schloss Dagstuhl - Leibniz-Zentrum f{\"{u}}r Informatik},
  year      = {2021},
  url       = {https://doi.org/10.4230/LIPIcs.OPODIS.2021.16},
  doi       = {10.4230/LIPIcs.OPODIS.2021.16},
  timestamp = {Sun, 02 Oct 2022 16:13:15 +0200},
  biburl    = {https://dblp.org/rec/conf/opodis/ForsterGV21.bib},
  bibsource = {dblp computer science bibliography, https://dblp.org}
}

@inproceedings{Shimbel55,
  author          = {Alfonso Shimbel},
  title           = {Structure in Communication Nets},
  booktitle       = {Symposium on Information Networks},
  pages           = {199--203},
  year            = {1955},
  publisher       = {Polytechnic Press of the Polytechnic Institute of Brooklyn}
}

@article{Ford56,
  author          = {Lester Ford},
  title           = {Network Flow Theory},
  journal         = {Paper P-923, California, RAND Corporation},
  year            = {1956},
  url             = {https://www.rand.org/pubs/papers/P923.html}
}

@article{Bellman58,
  author          = {Richard Bellman},
  title           = {On a Routing Problem},
  journal         = {Quarterly of Applied Mathematics},
  volume          = {16},
  number          = {1},
  pages           = {87--90},
  year            = {1958},
  url             = {https://doi.org/10.1090/qam/102435},
  doi             = {10.1090/qam/102435},
}

@inproceedings{Moore59,
  author          = {Edward F. Moore},
  title           = {The Shortest Path Through a Maze},
  booktitle       = {Proceedings of the International Symposium on the Theory of Switching},
  year            = {1959},
  pages           = {285--292},
  publisher       = {Cambridge, Harvard University Press},
}

@article{Tarjan72,
  author    = {Robert Endre Tarjan},
  title     = {Depth-First Search and Linear Graph Algorithms},
  journal   = {{SIAM} J. Comput.},
  volume    = {1},
  number    = {2},
  pages     = {146--160},
  year      = {1972},
  url       = {https://doi.org/10.1137/0201010},
  doi       = {10.1137/0201010},
  timestamp = {Wed, 14 Nov 2018 10:45:08 +0100},
  biburl    = {https://dblp.org/rec/journals/siamcomp/Tarjan72.bib},
  bibsource = {dblp computer science bibliography, https://dblp.org}
}

@article{GabowT89,
  author    = {Harold N. Gabow and
               Robert Endre Tarjan},
  title     = {Faster Scaling Algorithms for Network Problems},
  journal   = {{SIAM} J. Comput.},
  volume    = {18},
  number    = {5},
  pages     = {1013--1036},
  year      = {1989},
  url       = {https://doi.org/10.1137/0218069},
  doi       = {10.1137/0218069},
  timestamp = {Sat, 27 May 2017 14:22:58 +0200},
  biburl    = {https://dblp.org/rec/journals/siamcomp/GabowT89.bib},
  bibsource = {dblp computer science bibliography, https://dblp.org}
}

@article{Goldberg95,
  author    = {Andrew V. Goldberg},
  title     = {Scaling Algorithms for the Shortest Paths Problem},
  journal   = {{SIAM} J. Comput.},
  volume    = {24},
  number    = {3},
  pages     = {494--504},
  year      = {1995},
  url       = {https://doi.org/10.1137/S0097539792231179},
  doi       = {10.1137/S0097539792231179},
  timestamp = {Sat, 27 May 2017 14:22:58 +0200},
  biburl    = {https://dblp.org/rec/journals/siamcomp/Goldberg95.bib},
  bibsource = {dblp computer science bibliography, https://dblp.org}
}

@article{FeigeRPU94,
  author    = {Uriel Feige and
               Prabhakar Raghavan and
               David Peleg and
               Eli Upfal},
  title     = {Computing with Noisy Information},
  journal   = {{SIAM} J. Comput.},
  volume    = {23},
  number    = {5},
  pages     = {1001--1018},
  year      = {1994},
  url       = {https://doi.org/10.1137/S0097539791195877},
  doi       = {10.1137/S0097539791195877},
  timestamp = {Mon, 16 Sep 2019 14:51:19 +0200},
  biburl    = {https://dblp.org/rec/journals/siamcomp/FeigeRPU94.bib},
  bibsource = {dblp computer science bibliography, https://dblp.org}
}

@article{Pelc89,
  author    = {Andrzej Pelc},
  title     = {Searching with Known Error Probability},
  journal   = {Theor. Comput. Sci.},
  volume    = {63},
  number    = {2},
  pages     = {185--202},
  year      = {1989},
  url       = {https://doi.org/10.1016/0304-3975(89)90077-7},
  doi       = {10.1016/0304-3975(89)90077-7},
  timestamp = {Wed, 17 Feb 2021 21:57:08 +0100},
  biburl    = {https://dblp.org/rec/journals/tcs/Pelc89.bib},
  bibsource = {dblp computer science bibliography, https://dblp.org}
}

@article{Pelc02,
  author    = {Andrzej Pelc},
  title     = {Searching games with errors - fifty years of coping with liars},
  journal   = {Theor. Comput. Sci.},
  volume    = {270},
  number    = {1-2},
  pages     = {71--109},
  year      = {2002},
  url       = {https://doi.org/10.1016/S0304-3975(01)00303-6},
  doi       = {10.1016/S0304-3975(01)00303-6},
  timestamp = {Wed, 17 Feb 2021 21:57:04 +0100},
  biburl    = {https://dblp.org/rec/journals/tcs/Pelc02.bib},
  bibsource = {dblp computer science bibliography, https://dblp.org}
}


@article{Johnson77,
  author    = {Donald B. Johnson},
  title     = {Efficient Algorithms for Shortest Paths in Sparse Networks},
  journal   = {J. {ACM}},
  volume    = {24},
  number    = {1},
  pages     = {1--13},
  year      = {1977},
  url       = {https://doi.org/10.1145/321992.321993},
  doi       = {10.1145/321992.321993},
  timestamp = {Tue, 18 May 2021 14:56:33 +0200},
  biburl    = {https://dblp.org/rec/journals/jacm/Johnson77.bib},
  bibsource = {dblp computer science bibliography, https://dblp.org}
}

@article{Dijkstra59,
  author    = {Edsger W. Dijkstra},
  title     = {A note on two problems in connexion with graphs},
  journal   = {Numerische Mathematik},
  volume    = {1},
  pages     = {269--271},
  year      = {1959},
  url       = {https://doi.org/10.1007/BF01386390},
  doi       = {10.1007/BF01386390},
  timestamp = {Mon, 29 Jul 2019 15:59:06 +0200},
  biburl    = {https://dblp.org/rec/journals/nm/Dijkstra59.bib},
  bibsource = {dblp computer science bibliography, https://dblp.org}
}


@article{Doerr18,
  author    = {Benjamin Doerr},
  title     = {Probabilistic Tools for the Analysis of Randomized Optimization Heuristics},
  journal   = {CoRR},
  volume    = {abs/1801.06733},
  year      = {2018},
  url       = {http://arxiv.org/abs/1801.06733},
  eprinttype = {arXiv},
  eprint    = {1801.06733},
  timestamp = {Mon, 13 Aug 2018 16:46:36 +0200},
  biburl    = {https://dblp.org/rec/journals/corr/abs-1801-06733.bib},
  bibsource = {dblp computer science bibliography, https://dblp.org}
}

@article{Williams64,
  author          = {John W. J. Williams},
  journal         = {Communications of the ACM},
  number          = {6},
  title           = {Algorithm 232 -- {Heapsort}},
  volume          = {7},
  year            = {1964},
  pages           = {347--349},
  doi             = {10.1145/512274.512284},
}

@article{LiptonRT79,
  author  = {Lipton, Richard J. and Rose, Donald J. and Tarjan, Robert Endre},
  title   = {Generalized Nested Dissection},
  journal = {SIAM Journal on Numerical Analysis},
  volume  = {16},
  number  = {2},
  pages   = {346-358},
  year    = {1979},
  doi     = {10.1137/0716027},
  url     = {https://doi.org/10.1137/0716027},
}

@article{AlonKPW95,
  author       = {Noga Alon and
                  Richard M. Karp and
                  David Peleg and
                  Douglas B. West},
  title        = {A Graph-Theoretic Game and Its Application to the k-Server Problem},
  journal      = {{SIAM} J. Comput.},
  volume       = {24},
  number       = {1},
  pages        = {78--100},
  year         = {1995},
  url          = {https://doi.org/10.1137/S0097539792224474},
  doi          = {10.1137/S0097539792224474},
  timestamp    = {Tue, 01 Jun 2021 15:20:10 +0200},
  biburl       = {https://dblp.org/rec/journals/siamcomp/AlonKPW95.bib},
  bibsource    = {dblp computer science bibliography, https://dblp.org}
}

@article{AbrahamN19,
  author       = {Ittai Abraham and
                  Ofer Neiman},
  title        = {Using Petal-Decompositions to Build a Low Stretch Spanning Tree},
  journal      = {{SIAM} J. Comput.},
  volume       = {48},
  number       = {2},
  pages        = {227--248},
  year         = {2019},
  url          = {https://doi.org/10.1137/17M1115575},
  doi          = {10.1137/17M1115575},
  timestamp    = {Thu, 23 May 2019 17:55:00 +0200},
  biburl       = {https://dblp.org/rec/journals/siamcomp/AbrahamN19.bib},
  bibsource    = {dblp computer science bibliography, https://dblp.org}
}

@article{AbrahamCEFN20,
  author       = {Ittai Abraham and
                  Shiri Chechik and
                  Michael Elkin and
                  Arnold Filtser and
                  Ofer Neiman},
  title        = {Ramsey Spanning Trees and Their Applications},
  journal      = {{ACM} Trans. Algorithms},
  volume       = {16},
  number       = {2},
  pages        = {19:1--19:21},
  year         = {2020},
  url          = {https://doi.org/10.1145/3371039},
  doi          = {10.1145/3371039},
  timestamp    = {Tue, 26 May 2020 11:19:57 +0200},
  biburl       = {https://dblp.org/rec/journals/talg/AbrahamCEFN20.bib},
  bibsource    = {dblp computer science bibliography, https://dblp.org}
}

@article{Seymour95,
  author       = {Paul D. Seymour},
  title        = {Packing Directed Circuits Fractionally},
  journal      = {Comb.},
  volume       = {15},
  number       = {2},
  pages        = {281--288},
  year         = {1995},
  url          = {https://doi.org/10.1007/BF01200760},
  doi          = {10.1007/BF01200760},
  timestamp    = {Sat, 30 Sep 2023 10:07:17 +0200},
  biburl       = {https://dblp.org/rec/journals/combinatorica/Seymour95.bib},
  bibsource    = {dblp computer science bibliography, https://dblp.org}
}

@article{Karp78,
  author    = {Richard M. Karp},
  title     = {A characterization of the minimum cycle mean in a digraph},
  journal   = {Discret. Math.},
  volume    = {23},
  number    = {3},
  pages     = {309--311},
  year      = {1978},
  url       = {https://doi.org/10.1016/0012-365X(78)90011-0},
  doi       = {10.1016/0012-365X(78)90011-0},
  timestamp = {Fri, 12 Feb 2021 13:44:46 +0100},
  biburl    = {https://dblp.org/rec/journals/dm/Karp78.bib},
  bibsource = {dblp computer science bibliography, https://dblp.org}
}

@article{OrlinA92,
  author    = {James B. Orlin and
               Ravindra K. Ahuja},
  title     = {New scaling algorithms for the assignment and minimum mean cycle problems},
  journal   = {Math. Program.},
  volume    = {54},
  pages     = {41--56},
  year      = {1992},
  url       = {https://doi.org/10.1007/BF01586040},
  doi       = {10.1007/BF01586040},
  timestamp = {Sun, 02 Jun 2019 21:05:27 +0200},
  biburl    = {https://dblp.org/rec/journals/mp/OrlinA92.bib},
  bibsource = {dblp computer science bibliography, https://dblp.org}
}

@book{AhujaMO93,
  author    = {Ravindra K. Ahuja and
               Thomas L. Magnanti and
               James B. Orlin},
  title     = {Network flows -- Theory, algorithms and applications},
  publisher = {Prentice Hall},
  year      = {1993},
  isbn      = {978-0-13-617549-0},
  timestamp = {Wed, 27 Apr 2011 17:30:29 +0200},
  biburl    = {https://dblp.org/rec/books/daglib/0069809.bib},
  bibsource = {dblp computer science bibliography, https://dblp.org}
}

@article{ChatterjeeHKLR14,
  author    = {Krishnendu Chatterjee and
               Monika Henzinger and
               Sebastian Krinninger and
               Veronika Loitzenbauer and
               Michael A. Raskin},
  title     = {Approximating the minimum cycle mean},
  journal   = {Theor. Comput. Sci.},
  volume    = {547},
  pages     = {104--116},
  year      = {2014},
  url       = {https://doi.org/10.1016/j.tcs.2014.06.031},
  doi       = {10.1016/j.tcs.2014.06.031},
  timestamp = {Mon, 03 Jan 2022 22:04:19 +0100},
  biburl    = {https://dblp.org/rec/journals/tcs/ChatterjeeHKLR14.bib},
  bibsource = {dblp computer science bibliography, https://dblp.org}
}

@article{ButkovicC92,
  author    = {Peter Butkovic and
               Raymond A. Cuninghame{-}Green},
  title     = {An {$O(n^2)$} algorithm for the maximum cycle mean of an $n \times n$ bivalent matrix},
  journal   = {Discret. Appl. Math.},
  volume    = {35},
  number    = {2},
  pages     = {157--162},
  year      = {1992},
  url       = {https://doi.org/10.1016/0166-218X(92)90039-D},
  doi       = {10.1016/0166-218X(92)90039-D},
  timestamp = {Thu, 11 Feb 2021 23:24:25 +0100},
  biburl    = {https://dblp.org/rec/journals/dam/ButkovicC92.bib},
  bibsource = {dblp computer science bibliography, https://dblp.org}
}

@article{FredmanW93,
  author    = {Michael L. Fredman and
               Dan E. Willard},
  title     = {Surpassing the Information Theoretic Bound with Fusion Trees},
  journal   = {J. Comput. Syst. Sci.},
  volume    = {47},
  number    = {3},
  pages     = {424--436},
  year      = {1993},
  url       = {https://doi.org/10.1016/0022-0000(93)90040-4},
  doi       = {10.1016/0022-0000(93)90040-4},
  timestamp = {Tue, 16 Feb 2021 14:03:59 +0100},
  biburl    = {https://dblp.org/rec/journals/jcss/FredmanW93.bib},
  bibsource = {dblp computer science bibliography, https://dblp.org}
}

@article{FredmanW94,
  author    = {Michael L. Fredman and
               Dan E. Willard},
  title     = {Trans-Dichotomous Algorithms for Minimum Spanning Trees and Shortest
               Paths},
  journal   = {J. Comput. Syst. Sci.},
  volume    = {48},
  number    = {3},
  pages     = {533--551},
  year      = {1994},
  url       = {https://doi.org/10.1016/S0022-0000(05)80064-9},
  doi       = {10.1016/S0022-0000(05)80064-9},
  timestamp = {Tue, 16 Feb 2021 14:04:42 +0100},
  biburl    = {https://dblp.org/rec/journals/jcss/FredmanW94.bib},
  bibsource = {dblp computer science bibliography, https://dblp.org}
}

@article{Thorup00,
  author    = {Mikkel Thorup},
  title     = {On {RAM} Priority Queues},
  journal   = {{SIAM} J. Comput.},
  volume    = {30},
  number    = {1},
  pages     = {86--109},
  year      = {2000},
  url       = {https://doi.org/10.1137/S0097539795288246},
  doi       = {10.1137/S0097539795288246},
  timestamp = {Wed, 14 Nov 2018 10:45:06 +0100},
  biburl    = {https://dblp.org/rec/journals/siamcomp/Thorup00.bib},
  bibsource = {dblp computer science bibliography, https://dblp.org}
}

@article{Raman97,
  author    = {Rajeev Raman},
  title     = {Recent results on the single-source shortest paths problem},
  journal   = {{SIGACT} News},
  volume    = {28},
  number    = {2},
  pages     = {81--87},
  year      = {1997},
  url       = {https://doi.org/10.1145/261342.261352},
  doi       = {10.1145/261342.261352},
  timestamp = {Wed, 14 Nov 2018 10:28:12 +0100},
  biburl    = {https://dblp.org/rec/journals/sigact/Raman97.bib},
  bibsource = {dblp computer science bibliography, https://dblp.org}
}

@article{Boas77,
  author    = {Peter van Emde Boas},
  title     = {Preserving Order in a Forest in Less Than Logarithmic Time and Linear
               Space},
  journal   = {Inf. Process. Lett.},
  volume    = {6},
  number    = {3},
  pages     = {80--82},
  year      = {1977},
  url       = {https://doi.org/10.1016/0020-0190(77)90031-X},
  doi       = {10.1016/0020-0190(77)90031-X},
  timestamp = {Fri, 26 May 2017 22:54:46 +0200},
  biburl    = {https://dblp.org/rec/journals/ipl/Boas77.bib},
  bibsource = {dblp computer science bibliography, https://dblp.org}
}

@article{BoasKZ77,
  author    = {Peter van Emde Boas and
               R. Kaas and
               E. Zijlstra},
  title     = {Design and Implementation of an Efficient Priority Queue},
  journal   = {Math. Syst. Theory},
  volume    = {10},
  pages     = {99--127},
  year      = {1977},
  url       = {https://doi.org/10.1007/BF01683268},
  doi       = {10.1007/BF01683268},
  timestamp = {Sun, 17 May 2020 11:44:56 +0200},
  biburl    = {https://dblp.org/rec/journals/mst/BoasKZ77.bib},
  bibsource = {dblp computer science bibliography, https://dblp.org}
}

@article{MehlhornN90,
  author    = {Kurt Mehlhorn and
               Stefan N{\"{a}}her},
  title     = {Bounded Ordered Dictionaries in {$O(\log \log N)$} Time and {$O(n)$} Space},
  journal   = {Inf. Process. Lett.},
  volume    = {35},
  number    = {4},
  pages     = {183--189},
  year      = {1990},
  url       = {https://doi.org/10.1016/0020-0190(90)90022-P},
  doi       = {10.1016/0020-0190(90)90022-P},
  timestamp = {Wed, 14 Nov 2018 10:49:27 +0100},
  biburl    = {https://dblp.org/rec/journals/ipl/MehlhornN90.bib},
  bibsource = {dblp computer science bibliography, https://dblp.org}
}

@article{AhujaMOT90,
  author    = {Ravindra K. Ahuja and
               Kurt Mehlhorn and
               James B. Orlin and
               Robert Endre Tarjan},
  title     = {Faster Algorithms for the Shortest Path Problem},
  journal   = {J. {ACM}},
  volume    = {37},
  number    = {2},
  pages     = {213--223},
  year      = {1990},
  url       = {https://doi.org/10.1145/77600.77615},
  doi       = {10.1145/77600.77615},
  timestamp = {Wed, 14 Nov 2018 10:35:24 +0100},
  biburl    = {https://dblp.org/rec/journals/jacm/AhujaMOT90.bib},
  bibsource = {dblp computer science bibliography, https://dblp.org}
}

@article{CherkasskyGS99,
  author    = {Boris V. Cherkassky and
               Andrew V. Goldberg and
               Craig Silverstein},
  title     = {Buckets, Heaps, Lists, and Monotone Priority Queues},
  journal   = {{SIAM} J. Comput.},
  volume    = {28},
  number    = {4},
  pages     = {1326--1346},
  year      = {1999},
  url       = {https://doi.org/10.1137/S0097539796313490},
  doi       = {10.1137/S0097539796313490},
  timestamp = {Sat, 27 May 2017 14:22:59 +0200},
  biburl    = {https://dblp.org/rec/journals/siamcomp/CherkasskyGS99.bib},
  bibsource = {dblp computer science bibliography, https://dblp.org}
}

@article{Awerbuch85,
  author    = {Baruch Awerbuch},
  title     = {Complexity of Network Synchronization},
  journal   = {J. {ACM}},
  volume    = {32},
  number    = {4},
  pages     = {804--823},
  year      = {1985},
  url       = {https://doi.org/10.1145/4221.4227},
  doi       = {10.1145/4221.4227},
  timestamp = {Tue, 06 Nov 2018 12:51:46 +0100},
  biburl    = {https://dblp.org/rec/journals/jacm/Awerbuch85.bib},
  bibsource = {dblp computer science bibliography, https://dblp.org}
}

@article{AwerbuchP92,
  author    = {Baruch Awerbuch and
               David Peleg},
  title     = {Routing with Polynomial Communication-Space Trade-Off},
  journal   = {{SIAM} J. Discret. Math.},
  volume    = {5},
  number    = {2},
  pages     = {151--162},
  year      = {1992},
  url       = {https://doi.org/10.1137/0405013},
  doi       = {10.1137/0405013},
  timestamp = {Sat, 25 Apr 2020 13:57:01 +0200},
  biburl    = {https://dblp.org/rec/journals/siamdm/AwerbuchP92.bib},
  bibsource = {dblp computer science bibliography, https://dblp.org}
}

@article{LinialS93,
  author    = {Nathan Linial and
               Michael E. Saks},
  title     = {Low diameter graph decompositions},
  journal   = {Comb.},
  volume    = {13},
  number    = {4},
  pages     = {441--454},
  year      = {1993},
  url       = {https://doi.org/10.1007/BF01303516},
  doi       = {10.1007/BF01303516},
  timestamp = {Wed, 22 Jul 2020 22:02:35 +0200},
  biburl    = {https://dblp.org/rec/journals/combinatorica/LinialS93.bib},
  bibsource = {dblp computer science bibliography, https://dblp.org}
}

@article{BlellochGKMPT14,
  author    = {Guy E. Blelloch and
               Anupam Gupta and
               Ioannis Koutis and
               Gary L. Miller and
               Richard Peng and
               Kanat Tangwongsan},
  title     = {Nearly-Linear Work Parallel {SDD} Solvers, Low-Diameter Decomposition,
               and Low-Stretch Subgraphs},
  journal   = {Theory Comput. Syst.},
  volume    = {55},
  number    = {3},
  pages     = {521--554},
  year      = {2014},
  url       = {https://doi.org/10.1007/s00224-013-9444-5},
  doi       = {10.1007/s00224-013-9444-5},
  timestamp = {Wed, 18 Aug 2021 17:14:15 +0200},
  biburl    = {https://dblp.org/rec/journals/mst/BlellochGKMPT14.bib},
  bibsource = {dblp computer science bibliography, https://dblp.org}
}

@article{Lengler17,
  author    = {Johannes Lengler},
  title     = {Drift Analysis},
  journal   = {CoRR},
  volume    = {abs/1712.00964},
  year      = {2017},
  url       = {http://arxiv.org/abs/1712.00964},
  eprinttype = {arXiv},
  eprint    = {1712.00964},
  timestamp = {Mon, 13 Aug 2018 16:48:20 +0200},
  biburl    = {https://dblp.org/rec/journals/corr/abs-1712-00964.bib},
  bibsource = {dblp computer science bibliography, https://dblp.org}
}

@article{ElkinEST08,
  author       = {Michael Elkin and
                  Yuval Emek and
                  Daniel A. Spielman and
                  Shang{-}Hua Teng},
  title        = {Lower-Stretch Spanning Trees},
  journal      = {{SIAM} J. Comput.},
  volume       = {38},
  number       = {2},
  pages        = {608--628},
  year         = {2008},
  url          = {https://doi.org/10.1137/050641661},
  doi          = {10.1137/050641661},
  timestamp    = {Mon, 26 Oct 2020 08:56:27 +0100},
  biburl       = {https://dblp.org/rec/journals/siamcomp/ElkinEST08.bib},
  bibsource    = {dblp computer science bibliography, https://dblp.org}
}

@inproceedings{Lawler66,
  title={Optimal cycles in doubly weighted directed linear graphs},
  author={Lawler, Eugene L},
  booktitle={Proc. Int’l Symp. Theory of Graphs},
  pages={209--232},
  year={1966}
}


@article{CherkasskyG99,
  author    = {Boris V. Cherkassky and
               Andrew V. Goldberg},
  title     = {Negative-cycle detection algorithms},
  journal   = {Math. Program.},
  volume    = {85},
  number    = {2},
  pages     = {277--311},
  year      = {1999},
  url       = {https://doi.org/10.1007/s101070050058},
  doi       = {10.1007/s101070050058},
  timestamp = {Sat, 27 May 2017 14:25:33 +0200},
  biburl    = {https://dblp.org/rec/journals/mp/CherkasskyG99.bib},
  bibsource = {dblp computer science bibliography, https://dblp.org}
}

@inproceedings{CherkasskyGGTW08,
  author    = {Boris V. Cherkassky and
               Loukas Georgiadis and
               Andrew V. Goldberg and
               Robert Endre Tarjan and
               Renato Fonseca F. Werneck},
  editor    = {J. Ian Munro and
               Dorothea Wagner},
  title     = {Shortest Path Feasibility Algorithms: An Experimental Evaluation},
  booktitle = {10th Workshop on Algorithm Engineering and Experiments ({ALENEX} 2008)},
  pages     = {118--132},
  publisher = {{SIAM}},
  year      = {2008},
  url       = {https://doi.org/10.1137/1.9781611972887.12},
  doi       = {10.1137/1.9781611972887.12},
  timestamp = {Fri, 19 May 2017 01:26:03 +0200},
  biburl    = {https://dblp.org/rec/conf/alenex/CherkasskyGGTW08.bib},
  bibsource = {dblp computer science bibliography, https://dblp.org}
}

@article{FakcharoenpholRT04,
  author       = {Jittat Fakcharoenphol and
                  Satish Rao and
                  Kunal Talwar},
  title        = {A tight bound on approximating arbitrary metrics by tree metrics},
  journal      = {J. Comput. Syst. Sci.},
  volume       = {69},
  number       = {3},
  pages        = {485--497},
  year         = {2004},
  url          = {https://doi.org/10.1016/j.jcss.2004.04.011},
  doi          = {10.1016/J.JCSS.2004.04.011},
  timestamp    = {Tue, 16 Feb 2021 14:04:44 +0100},
  biburl       = {https://dblp.org/rec/journals/jcss/FakcharoenpholRT04.bib},
  bibsource    = {dblp computer science bibliography, https://dblp.org}
}

@article{KhandekarRaoVazirani09,
	author = {Khandekar, Rohit and Rao, Satish and Vazirani, Umesh},
	title = {Graph partitioning using single commodity flows},
	year = {2009},
	issue_date = {June 2009},
	publisher = {Association for Computing Machinery},
	address = {New York, NY, USA},
	volume = {56},
	number = {4},
	issn = {0004-5411},
	url = {https://doi.org/10.1145/1538902.1538903},
	doi = {10.1145/1538902.1538903},
	journal = {J. ACM},
	month = {jul},
	articleno = {19},
	numpages = {15},
	keywords = {Edge-separator, single commodity max-flow, sparse cut, spectral method}
}

@article{AroraHazanKale12,
	author = {Arora, Sanjeev and Hazan, Elad and Kale, Satyen},
	title = {The Multiplicative Weights Update Method: a Meta-Algorithm and Applications},
	year = {2012},
	pages = {121--164},
	doi = {10.4086/toc.2012.v008a006},
	publisher = {Theory of Computing},
	journal = {Theory of Computing},
	volume = {8},
	number = {6},
}


% books
@book{Lawler76,
  title     = {Combinatorial Optimization: Networks and Matroids},
  author    = {Lawler, E.L.},
  isbn      = {9780030848667},
  lccn      = {76013516},
  year      = {1976},
  publisher = {Holt, Rinehart and Winston}
}

@book{BorodinY98,
  author       = {Allan Borodin and
                  Ran El{-}Yaniv},
  title        = {Online computation and competitive analysis},
  publisher    = {Cambridge University Press},
  year         = {1998},
  isbn         = {978-0-521-56392-5},
  timestamp    = {Thu, 21 Apr 2011 19:59:45 +0200},
  biburl       = {https://dblp.org/rec/books/daglib/0097013.bib},
  bibsource    = {dblp computer science bibliography, https://dblp.org}
}

% unpublished
@article{SulserG24,
  author       = {Aurelio L. Sulser and
                  Maximilian Probst Gutenberg},
  title        = {A Simple and Near-Optimal Algorithm for Directed Expander Decompositions},
  journal      = {CoRR},
  volume       = {abs/2403.04542},
  year         = {2024},
  url          = {https://doi.org/10.48550/arXiv.2403.04542},
  doi          = {10.48550/ARXIV.2403.04542},
  timestamp    = {Wed, 03 Apr 2024 15:23:01 +0200},
  biburl       = {https://dblp.org/rec/journals/corr/abs-2403-04542.bib},
  bibsource    = {dblp computer science bibliography, https://dblp.org}
}