%% This BibTeX bibliography file was created using BibDesk.
%% http://bibdesk.sourceforge.net/

%% Created for Manoj at 2016-06-02 11:01:12 +0530


%% Saved with string encoding Unicode (UTF-8)


@string{focs = {Proceedings of the {IEEE} Symposium on Foundations of Computer Science (FOCS)}}
@string{focs07 = {Proceedings of the  48th {IEEE}  Symposium on Foundations of Computer Science (FOCS)}}
@string{focs10 = {Proceedings of the  51st {IEEE}  Symposium on Foundations of Computer Science (FOCS)}}
@string{focs14 = {Proceedings of the  55th {IEEE}  Symposium on Foundations of Computer Science (FOCS)}}
@string{focs15 = {Proceedings of the  56th {IEEE}  Symposium on Foundations of Computer Science (FOCS)}}
@string{focs16 = {Proceedings of the  57th {IEEE}  Symposium on Foundations of Computer Science (FOCS)}}
@string{focs17 = {Proceedings of the  58th {IEEE}  Symposium on Foundations of Computer Science (FOCS)}}
@string{focs18 = {Proceedings of the  59th {IEEE}  Symposium on Foundations of Computer Science (FOCS)}}
@string{focs19 = {Proceedings of the  60th {IEEE}  Symposium on Foundations of Computer Science (FOCS)}}
@string{focs20 = {Proceedings of the  61st {IEEE}  Symposium on Foundations of Computer Science (FOCS)}}
@string{icalp = {Proceedings of the International Colloquium on Automata, Languages and Programming (ICALP)}}
@string{icalp12 = {Proceedings of the 39th International Colloquium on Automata, Languages and Programming (ICALP)}}
@string{icalp17 = {Proceedings of the 44th International Colloquium on Automata, Languages and Programming (ICALP)}}
@string{ipco = {Proceedings, MPS Symposium on Integer Programming and Combonatorial Optimization (IPCO)}}
@string{jalg = {Journal of Algorithms}}
@string{latin = {Proceedings, Latin American Symposium on Theoretical Informatics (LATIN)}}
@string{orl = {Operation Research Letters}}
@string{podc = {Proceedings of the {ACM} Symposium on Principles of Distributed Computing (PODC)}}
@string{soda = {Proceedings of the  {ACM-SIAM} Symposium on Discrete Algorithms (SODA)}}
@string{soda15 = {Proceedings of the 26th  {ACM-SIAM} Symposium on Discrete Algorithms (SODA)}}
@string{soda16 = {Proceedings of the 27th  {ACM-SIAM} Symposium on Discrete Algorithms (SODA)}}
@string{soda17 = {Proceedings of the 28th  {ACM-SIAM} Symposium on Discrete Algorithms (SODA)}}
@string{soda19 = {Proceedings of the 30th  {ACM-SIAM} Symposium on Discrete Algorithms (SODA)}}
@string{soda21 = {Proceedings of the 32nd  {ACM-SIAM} Symposium on Discrete Algorithms (SODA)}}
@string{soda20 = {Proceedings of the 31st  {ACM-SIAM} Symposium on Discrete Algorithms (SODA)}}
@string{spaa = {Proceedings of the  {ACM} Symposium on Parallelism in Algorithms and Architectures (SPAA)}}
@string{stoc = {Proceedings of the  {ACM} Symposium on Theory of Computing (STOC)}}
@string{stoc98 = {Proceedings of the 30th {ACM} Symposium on Theory of Computing (STOC)}}
@string{stoc15 = {Proceedings of the 47th {ACM} Symposium on Theory of Computing (STOC)}}
@string{stoc16 = {Proceedings of the 48th {ACM} Symposium on Theory of Computing (STOC)}}
@string{stoc17 = {Proceedings of the 49th {ACM} Symposium on Theory of Computing (STOC)}}
@string{stoc19 = {Proceedings of the 51st {ACM} Symposium on Theory of Computing (STOC)}}
@string{stoc20 = {Proceedings of the 52nd {ACM} Symposium on Theory of Computing (STOC)}}
@string{stoc21 = {Proceedings of the 53rd {ACM} Symposium on Theory of Computing (STOC)}}
@string{ccs93 =  {Proceedings of the 1st  {ACM} Conference on Computer and Communications Security (CCS)}}
@string{itcs22 = {Proceedings of the 13th Innovations in Theoretical Computer Science Conference, (ITCS)}}
@string{tcc06 = {Proceedings of the 3rd Theory of Cryptography Conference, (TCC)}}
@string{crypto21 = {Proceedings of Advances in Cryptology -- {CRYPTO} 2021}}
@string{colt15 = {Proceedings of the 28th Conference on Learning Theory, {COLT}}}
@string{colt20 = {Proceedings of the 33rd Conference on Learning Theory, {COLT}}}

@inproceedings{bhattacharya2021online,
	title={Online edge coloring algorithms via the nibble method},
	author={Bhattacharya, Sayan and Grandoni, Fabrizio and Wajc, David},
	booktitle={Proceedings of the 2021 ACM-SIAM Symposium on Discrete Algorithms (SODA)},
	pages={2830--2842},
	year={2021},
	tttorganization={SIAM}
}

@inproceedings{gupta2020fully,
	title={Fully-dynamic submodular cover with bounded recourse},
	author={Gupta, Anupam and Levin, Roie},
	booktitle={2020 IEEE 61st Annual Symposium on Foundations of Computer Science (FOCS)},
	pages={1147--1157},
	year={2020},
	tttorganization={IEEE}
}

@article{avin2020dynamic,
	title={Dynamic balanced graph partitioning},
	author={Avin, Chen and Bienkowski, Marcin and Loukas, Andreas and Pacut, Maciej and Schmid, Stefan},
	journal={SIAM Journal on Discrete Mathematics},
	volume={34},
	number={3},
	pages={1791--1812},
	year={2020},
	tttpublisher={SIAM}
}

@inproceedings{gupta2014online,
	title={Online steiner tree with deletions},
	author={Gupta, Anupam and Kumar, Amit},
	booktitle={Proceedings of the twenty-fifth annual ACM-SIAM symposium on Discrete algorithms},
	pages={455--467},
	year={2014},
	tttorganization={SIAM}
}

@inproceedings{gupta2014maintaining,
	title={Maintaining assignments online: Matching, scheduling, and flows},
	author={Gupta, Anupam and Kumar, Amit and Stein, Cliff},
	booktitle={Proceedings of the twenty-fifth annual ACM-SIAM symposium on Discrete algorithms},
	pages={468--479},
	year={2014},
	tttorganization={SIAM}
}


@inproceedings{chechik2020dynamic,
	title={Dynamic low-stretch spanning trees in subpolynomial time},
	author={Chechik, Shiri and Zhang, Tianyi},
	booktitle={Proceedings of the Fourteenth Annual ACM-SIAM Symposium on Discrete Algorithms},
	pages={463--475},
	year={2020},
	tttorganization={SIAM}
}

@inproceedings{chen2020fast,
	title={Fast dynamic cuts, distances and effective resistances via vertex sparsifiers},
	author={Chen, Li and Goranci, Gramoz and Henzinger, Monika and Peng, Richard and Saranurak, Thatchaphol},
	booktitle=focs20,
	pages={1135--1146},
	year={2020},
	tttorganization={IEEE}
}

@article{liS2021,
	title={Deterministic Weighted Expander Decomposition in Almost-linear Time},
	author={Li, Jason and Saranurak, Thatchaphol},
	journal={arXiv preprint arXiv:2106.01567},
	year={2021}
}

@article{li2021nearly,
	title={A Nearly Optimal All-Pairs Min-Cuts Algorithm in Simple Graphs},
	author={Li, Jason and Panigrahi, Debmalya and Saranurak, Thatchaphol},
	journal={arXiv preprint arXiv:2106.02233},
	year={2021}
}

@article{abboud2021apmf,
	title={APMF< APSP? Gomory-Hu Tree for Unweighted Graphs in Almost-Quadratic Time},
	author={Abboud, Amir and Krauthgamer, Robert and Trabelsi, Ohad},
	journal={arXiv preprint arXiv:2106.02981},
	year={2021}
}

@article{zhang2021faster,
	title={Faster Cut-Equivalent Trees in Simple Graphs},
	author={Zhang, Tianyi},
	journal={arXiv preprint arXiv:2106.03305},
	year={2021}
}


@inproceedings{saranurak2021simple,
	title={A simple deterministic algorithm for edge connectivity},
	author={Saranurak, Thatchaphol},
	booktitle={Symposium on Simplicity in Algorithms (SOSA)},
	pages={80--85},
	year={2021},
	tttorganization={SIAM}
}

@article{holm2001poly,
	title={Poly-logarithmic deterministic fully-dynamic algorithms for connectivity, minimum spanning tree, 2-edge, and biconnectivity},
	author={Holm, Jacob and De Lichtenberg, Kristian and Thorup, Mikkel},
	journal={Journal of the ACM (JACM)},
	volume={48},
	number={4},
	pages={723--760},
	year={2001},
	tttpublisher={ACM New York, NY, USA}
}

@inproceedings{dwork2015preserving,
	title={Preserving statistical validity in adaptive data analysis},
	author={Dwork, Cynthia and Feldman, Vitaly and Hardt, Moritz and Pitassi, Toniann and Reingold, Omer and Roth, Aaron Leon},
	booktitle=stoc15,
	pages={117--126},
	year={2015}
}


@inproceedings{hardt2014preventing,
	title={Preventing false discovery in interactive data analysis is hard},
	author={Hardt, Moritz and Ullman, Jonathan},
	booktitle={2014 IEEE 55th Annual Symposium on Foundations of Computer Science},
	pages={454--463},
	year={2014},
	tttorganization={IEEE}
}


@inproceedings{steinke2017tight,
	title={Tight lower bounds for differentially private selection},
	author={Steinke, Thomas and Ullman, Jonathan},
	booktitle=focs17,
	pages={552--563},
	year={2017},
	tttorganization={IEEE}
}

@inproceedings{ben2020framework,
	title={A framework for adversarially robust streaming algorithms},
	author={Ben-Eliezer, Omri and Jayaram, Rajesh and Woodruff, David P and Yogev, Eylon},
	booktitle={Proceedings of the 39th ACM SIGMOD-SIGACT-SIGAI symposium on principles of database systems},
	pages={63--80},
	year={2020}
}

@article{gupta2021adaptive,
	title={Adaptive Machine Unlearning},
	author={Gupta, Varun and Jung, Christopher and Neel, Seth and Roth, Aaron and Sharifi-Malvajerdi, Saeed and Waites, Chris},
	journal={arXiv preprint arXiv:2106.04378},
	year={2021}
}


@inproceedings{alon2021adversarial,
	title={Adversarial laws of large numbers and optimal regret in online classification},
	author={Alon, Noga and Ben-Eliezer, Omri and Dagan, Yuval and Moran, Shay and Naor, Moni and Yogev, Eylon},
	booktitle=stoc21,
	pages={447--455},
	year={2021}
}

@article{woodruff2020tight,
	title={Tight bounds for adversarially robust streams and sliding windows via difference estimators},
	author={Woodruff, David P and Zhou, Samson},
	journal={arXiv preprint arXiv:2011.07471},
	year={2020}
}

@article{kaplan2021separating,
	title={Separating adaptive streaming from oblivious streaming},
	author={Kaplan, Haim and Mansour, Yishay and Nissim, Kobbi and Stemmer, Uri},
	journal={arXiv preprint arXiv:2101.10836},
	year={2021}
}


@inproceedings{ben2020adversarial,
	title={The adversarial robustness of sampling},
	author={Ben-Eliezer, Omri and Yogev, Eylon},
	booktitle={Proceedings of the 39th ACM SIGMOD-SIGACT-SIGAI Symposium on Principles of Database Systems},
	pages={49--62},
	year={2020}
}

@article{Braverman2021adversarial,
	title={Adversarial Robustness of Streaming Algorithms through Importance Sampling},
	author={Braverman, Vladimir and Hassidim, Avinatan and Matias, Yossi and Schain, Mariano and Silwal, Sandeep and Zhou, Samson},
	journal={arXiv preprint arXiv:2106.14952},
	year={2021}
}

@article{Bernstein2020fully,
	title={Fully-dynamic graph sparsifiers against an adaptive adversary},
	author={Bernstein, Aaron and Brand, Jan van den and Gutenberg, Maximilian Probst and Nanongkai, Danupon and Saranurak, Thatchaphol and Sidford, Aaron and Sun, He},
	journal={arXiv preprint arXiv:2004.08432},
	year={2020}
}

@article{BSS21spanner,
	author = {Bhattacharya, Sayan and Sukprasert, Pattara and Saranurak, Thatchaphol},
	title = {Simple Dynamic Spanners with Near-optimal Recourse against an Adaptive Adversary},
	year = {2021}
}

@inproceedings{Chuzhoy21,
	author    = {Julia Chuzhoy},
	title     = {Decremental all-pairs shortest paths in deterministic near-linear
		time},
	booktitle = stoc21,
	pages     = {626--639},
	year      = {2021},
	url       = {https://doi.org/10.1145/3406325.3451025},
	doi       = {10.1145/3406325.3451025},
	timestamp = {Tue, 22 Jun 2021 20:03:56 +0200},
	biburl    = {https://dblp.org/rec/conf/stoc/Chuzhoy21.bib},
	bibsource = {dblp computer science bibliography, https://dblp.org}
}

@inproceedings{chuzhoy2023distanced,
	title={A Distanced Matching Game, Decremental APSP in Expanders, and Faster Deterministic Algorithms for Graph Cut Problems},
	author={Chuzhoy, Julia},
	booktitle={Proceedings of the 2023 Annual ACM-SIAM Symposium on Discrete Algorithms (SODA)},
	pages={2122--2213},
	year={2023},
	organization={SIAM}
}

@article{chuzhoy2023new,
	title={A New Deterministic Algorithm for Fully Dynamic All-Pairs Shortest Paths},
	author={Chuzhoy, Julia and Zhang, Ruimin},
	journal={arXiv preprint arXiv:2304.09321},
	year={2023}
}

@inproceedings{abboud2022breaking,
	title={Breaking the cubic barrier for all-pairs max-flow: Gomory-hu tree in nearly quadratic time},
	author={Abboud, Amir and Krauthgamer, Robert and Li, Jason and Panigrahi, Debmalya and Saranurak, Thatchaphol and Trabelsi, Ohad},
	booktitle={2022 IEEE 63rd Annual Symposium on Foundations of Computer Science (FOCS)},
	pages={884--895},
	year={2022},
	organization={IEEE}
}

@inproceedings{chen2022maximum,
	title={Maximum flow and minimum-cost flow in almost-linear time},
	author={Chen, Li and Kyng, Rasmus and Liu, Yang P and Peng, Richard and Gutenberg, Maximilian Probst and Sachdeva, Sushant},
	booktitle={2022 IEEE 63rd Annual Symposium on Foundations of Computer Science (FOCS)},
	pages={612--623},
	year={2022},
	organization={IEEE}
}

@article{gao2023fully,
	title={Fully dynamic electrical flows: Sparse maxflow faster than Goldberg--Rao},
	author={Gao, Yu and Liu, Yang and Peng, Richard},
	journal={SIAM Journal on Computing},
	number={0},
	pages={FOCS21--85},
	year={2023},
	publisher={SIAM}
}


@inproceedings{beimel2022dynamic,
	title={Dynamic algorithms against an adaptive adversary: Generic constructions and lower bounds},
	author={Beimel, Amos and Kaplan, Haim and Mansour, Yishay and Nissim, Kobbi and Saranurak, Thatchaphol and Stemmer, Uri},
	booktitle={Proceedings of the 54th Annual ACM SIGACT Symposium on Theory of Computing},
	pages={1671--1684},
	year={2022}
}

@inproceedings{van2022faster,
	title={Faster maxflow via improved dynamic spectral vertex sparsifiers},
	author={van den Brand, Jan and Gao, Yu and Jambulapati, Arun and Lee, Yin Tat and Liu, Yang P and Peng, Richard and Sidford, Aaron},
	booktitle={Proceedings of the 54th Annual ACM SIGACT Symposium on Theory of Computing},
	pages={543--556},
	year={2022}
}

@inproceedings{van2021minimum,
	title={Minimum cost flows, mdps, and $\ell_1$-regression in nearly linear time for dense instances},
	author={Van Den Brand, Jan and Lee, Yin Tat and Liu, Yang P and Saranurak, Thatchaphol and Sidford, Aaron and Song, Zhao and Wang, Di},
	booktitle={Proceedings of the 53rd Annual ACM SIGACT Symposium on Theory of Computing},
	pages={859--869},
	year={2021}
}

@article{alokhina2023fully,
	title={Fully Dynamic Shortest Path Reporting Against an Adaptive Adversary},
	author={Alokhina, Anastasiia and Brand, Jan van den},
	journal={arXiv preprint arXiv:2304.07403},
	year={2023}
}

@inproceedings{BhattacharyaK21deterministic,
	title={Deterministic Rounding of Dynamic Fractional Matchings},
	author={Bhattacharya, Sayan and Kiss, Peter},
	booktitle={48th International Colloquium on Automata, Languages, and Programming (ICALP 2021)},
	year={2021},
	organization={Schloss Dagstuhl-Leibniz-Zentrum f{\"u}r Informatik}
}


@article{BernsteinGS21,
	title={Deterministic Decremental SSSP and Approximate Min-Cost Flow in Almost-Linear Time},
	author={Bernstein, Aaron and Gutenberg, Maximilian Probst and Saranurak, Thatchaphol},
	journal={arXiv preprint arXiv:2101.07149},
	year={2021}
}

@article{Monemizadeh19,
	author    = {Morteza Monemizadeh},
	title     = {Dynamic Maximal Independent Set},
	journal   = {CoRR},
	volume    = {abs/1906.09595},
	year      = {2019}
}

@inproceedings{BernsteinC18cycle,
	author    = {Aaron Bernstein and
		Shiri Chechik},
	title     = {Incremental Topological Sort and Cycle Detection in Expected Total Time},
	booktitle = {Proceedings of the Twenty-Ninth Annual {ACM-SIAM} Symposium on Discrete
		Algorithms, {SODA} 2018, New Orleans, LA, USA, January 7-10, 2018},
	pages     = {21--34},
	year      = {2018},
	url       = {https://doi.org/10.1137/1.9781611975031.2},
	doi       = {10.1137/1.9781611975031.2},
	timestamp = {Thu, 04 Jan 2018 13:55:11 +0100},
	biburl    = {https://dblp.org/rec/conf/soda/BernsteinC18.bib},
	bibsource = {dblp computer science bibliography, https://dblp.org}
}

@inproceedings{Censor-HillelHK16,
	author    = {Keren Censor{-}Hillel and
		Elad Haramaty and
		Zohar S. Karnin},
	title     = {Optimal Dynamic Distributed {MIS}},
	booktitle = {Proceedings of the 2016 {ACM} Symposium on Principles of Distributed
		Computing, {PODC} 2016, Chicago, IL, USA, July 25-28, 2016},
	pages     = {217--226},
	year      = {2016},
	url       = {https://doi.org/10.1145/2933057.2933083},
	doi       = {10.1145/2933057.2933083},
	timestamp = {Tue, 06 Nov 2018 11:07:19 +0100},
	biburl    = {https://dblp.org/rec/conf/podc/Censor-HillelHK16.bib},
	bibsource = {dblp computer science bibliography, https://dblp.org}
}


@inproceedings{HolmR20stoc,
	author    = {Jacob Holm and
		Eva Rotenberg},
	title     = {Fully-dynamic planarity testing in polylogarithmic time},
	booktitle = {{STOC}},
	pages     = {167--180},
	tttpublisher = {{ACM}},
	year      = {2020}
}

@inproceedings{HolmR20soda,
	author    = {Jacob Holm and
		Eva Rotenberg},
	title     = {Worst-Case Polylog Incremental SPQR-trees: Embeddings, Planarity,
		and Triconnectivity},
	booktitle = {Proceedings of the 2020 {ACM-SIAM} Symposium on Discrete Algorithms,
		{SODA} 2020, Salt Lake City, UT, USA, January 5-8, 2020},
	pages     = {2378--2397},
	year      = {2020},
	url       = {https://doi.org/10.1137/1.9781611975994.146},
	doi       = {10.1137/1.9781611975994.146},
	timestamp = {Mon, 15 Jun 2020 17:00:16 +0200},
	biburl    = {https://dblp.org/rec/conf/soda/HolmR20.bib},
	bibsource = {dblp computer science bibliography, https://dblp.org}
}


@inproceedings{KawarabayashiT2015deterministic,
	author    = {Ken{-}ichi Kawarabayashi and
		Mikkel Thorup},
	title     = {Deterministic Global Minimum Cut of a Simple Graph in Near-Linear
		Time},
	booktitle = {{STOC}},
	pages     = {665--674},
	tttpublisher = {{ACM}},
	year      = {2015}
}


@inproceedings{MukhopadhyayN2019weighted,
	title={Weighted Min-Cut: Sequential, Cut-Query and Streaming Algorithms},
	author={Mukhopadhyay, Sagnik and Nanongkai, Danupon},
	booktitle={STOC},
	year={2020}
}


@inproceedings{GawrychowskiMW20,
	author    = {Pawel Gawrychowski and
		Shay Mozes and
		Oren Weimann},
	title     = {Minimum Cut in O(m log{\({^2}\)} n) Time},
	booktitle = {{ICALP}},
	series    = {LIPIcs},
	volume    = {168},
	pages     = {57:1--57:15},
	tttpublisher = {Schloss Dagstuhl - Leibniz-Zentrum f{\"{u}}r Informatik},
	year      = {2020}
}

@article{Karger00,
	author    = {David R. Karger},
	title     = {Minimum cuts in near-linear time},
	journal   = {J. {ACM}},
	volume    = {47},
	number    = {1},
	pages     = {46--76},
	year      = {2000},
	url       = {https://doi.org/10.1145/331605.331608},
	doi       = {10.1145/331605.331608},
}


@inproceedings{zouzias2012matrix,
	title={A matrix hyperbolic cosine algorithm and applications},
	author={Zouzias, Anastasios},
	booktitle={International Colloquium on Automata, Languages, and Programming},
	pages={846--858},
	year={2012},
	tttorganization={Springer}
}

@inproceedings{ChechikZ19,
	author    = {Shiri Chechik and
		Tianyi Zhang},
	title     = {Fully Dynamic Maximal Independent Set in Expected Poly-Log Update
		Time},
	booktitle = focs19,
	pages     = {370--381},
	year      = {2019},
	url       = {https://doi.org/10.1109/FOCS.2019.00031},
	doi       = {10.1109/FOCS.2019.00031},
	timestamp = {Tue, 07 Jan 2020 13:31:39 +0100},
	biburl    = {https://dblp.org/rec/conf/focs/ChechikZ19.bib},
	bibsource = {dblp computer science bibliography, https://dblp.org}
}

@inproceedings{AssadiOSS18sublinear_m,
	author    = {Sepehr Assadi and
		Krzysztof Onak and
		Baruch Schieber and
		Shay Solomon},
	title     = {Fully dynamic maximal independent set with sublinear update time},
	booktitle = {Proceedings of the 50th Annual {ACM} {SIGACT} Symposium on Theory
		of Computing, {STOC} 2018, Los Angeles, CA, USA, June 25-29, 2018},
	pages     = {815--826},
	year      = {2018},
	url       = {https://doi.org/10.1145/3188745.3188922},
	doi       = {10.1145/3188745.3188922},
	timestamp = {Wed, 21 Nov 2018 12:44:02 +0100},
	biburl    = {https://dblp.org/rec/conf/stoc/AssadiOSS18.bib},
	bibsource = {dblp computer science bibliography, https://dblp.org}
}

@inproceedings{BehnezhadDHSS19,
	author    = {Soheil Behnezhad and
		Mahsa Derakhshan and
		MohammadTaghi Hajiaghayi and
		Cliff Stein and
		Madhu Sudan},
	title     = {Fully Dynamic Maximal Independent Set with Polylogarithmic Update
		Time},
	booktitle = FOCS19,
	pages     = {382--405},
	year      = {2019},
	url       = {https://doi.org/10.1109/FOCS.2019.00032},
	doi       = {10.1109/FOCS.2019.00032},
	timestamp = {Tue, 07 Jan 2020 13:31:39 +0100},
	biburl    = {https://dblp.org/rec/conf/focs/BehnezhadDHSS19.bib},
	bibsource = {dblp computer science bibliography, https://dblp.org}
}

@inproceedings{ChekuriQ2017near,
	title={Near-linear time approximation schemes for some implicit fractional packing problems},
	author={Chekuri, Chandra and Quanrud, Kent},
	booktitle={Proceedings of the Twenty-Eighth Annual ACM-SIAM Symposium on Discrete Algorithms},
	pages={801--820},
	year={2017},
	tttorganization={SIAM}
}

@article{ChekuriQ2018fast,
	title={Fast approximations for metric-TSP via linear programming},
	author={Chekuri, Chandra and Quanrud, Kent},
	journal={arXiv preprint arXiv:1802.01242},
	year={2018}
}


@inproceedings{ChuzhoyS20a,
	title={Deterministic Algorithms for Decremental Shortest Paths via Layered Core Decomposition},
	author={Julia Chuzhoy and Thatchaphol Saranurak},
	year={2021},
	note={In submission to SODA'21}
}

@inproceedings{ChuzhoyS20,
	author    = {Julia Chuzhoy and
		Thatchaphol Saranurak},
	ttteditor    = {D{\'{a}}niel Marx},
	title     = {Deterministic Algorithms for Decremental Shortest Paths via Layered
		Core Decomposition},
	booktitle = soda21,
	pages     = {2478--2496},
	tttpublisher = {{SIAM}},
	year      = {2021},
}

@inproceedings{GoranciRST20,
	author    = {Gramoz Goranci and
		Harald Raecke and
		Thatchaphol Saranurak and
		Zihan Tan},
	title     = {The Expander Hierarchy and its Applications to Dynamic Graph Algorithms},
	year      = {2020},
	note      = {In submission to FOCS'20}
}


@inproceedings{CohenMSV17,
	author    = {Michael B. Cohen and
		Aleksander Madry and
		Piotr Sankowski and
		Adrian Vladu},
	title     = {Negative-Weight Shortest Paths and Unit Capacity Minimum Cost Flow
		in $\tilde{O}(m^{10/7}\log {W})$  Time (Extended
		Abstract)},
	booktitle = {{SODA}},
	pages     = {752--771},
	year      = {2017}
}

@inproceedings{LSZ,
	author    = {Huan Li and
		He Sun and
		Luca Zanetti},
	title     = {Hermitian {L}aplacians and a {C}heeger Inequality for the {M}ax-2-{L}in Problem},
	booktitle = {ESA},
	pages     = {71:1--71:14},
	year      = {2019},
}



@article{AhmedB_survey,
	author    = {Abu Reyan Ahmed and
		Greg Bodwin and
		Faryad Darabi Sahneh and
		Keaton Hamm and
		Mohammad Javad Latifi Jebelli and
		Stephen G. Kobourov and
		Richard Spence},
	title     = {Graph spanners: {A} tutorial review},
	journal   = {Comput. Sci. Rev.},
	volume    = {37},
	pages     = {100253},
	year      = {2020}
}

article{AhmedB_survey,
	author    = {Abu Reyan Ahmed and
		Greg Bodwin and
		Faryad Darabi Sahneh and
		Keaton Hamm and
		Mohammad Javad Latifi Jebelli and
		Stephen G. Kobourov and
		Richard Spence},
	title     = {Graph Spanners: {A} Tutorial Review},
	journal   = {CoRR},
	volume    = {abs/1909.03152},
	year      = {2019},
	url       = {http://arxiv.org/abs/1909.03152},
	archivePrefix = {arXiv},
	eprint    = {1909.03152},
	timestamp = {Tue, 17 Sep 2019 11:23:44 +0200},
	biburl    = {https://dblp.org/rec/journals/corr/abs-1909-03152.bib},
	bibsource = {dblp computer science bibliography, https://dblp.org}
}

@inproceedings{GutenbergWW20,
	author    = {Maximilian Probst Gutenberg and
		Virginia Vassilevska Williams and
		Nicole Wein},
	title     = {New Algorithms and Hardness for Incremental Single-Source Shortest
		Paths in Directed Graphs},
	booktitle  = stoc20,
	pages     = {153--166},
	year      = {2020},
	url       = {https://arxiv.org/abs/2001.10751},
}

@inproceedings{gutenberg2020decremental,
	title={Decremental {SSSP} in weighted digraphs: Faster and against an adaptive adversary},
	author={Gutenberg, Maximilian Probst and Wulff-Nilsen, Christian},
	booktitle=soda20,
	pages={2542--2561},
	year={2020},
}


@inproceedings{Sherman13,
	author    = {Jonah Sherman},
	title     = {Nearly Maximum Flows in Nearly Linear Time},
	booktitle = {{FOCS}},
	pages     = {263--269},
	year      = {2013}
}

@inproceedings{ChangPZ19,
	author    = {Yi{-}Jun Chang and
		Seth Pettie and
		Hengjie Zhang},
	title     = {Distributed Triangle Detection via Expander Decomposition},
	booktitle = {SODA},
	pages     = {821--840},
	year      = {2019},
	url       = {https://doi.org/10.1137/1.9781611975482.51},
	doi       = {10.1137/1.9781611975482.51},
	timestamp = {Tue, 12 Mar 2019 15:52:39 +0100},
	biburl    = {https://dblp.org/rec/bib/conf/soda/ChangPZ19},
	bibsource = {dblp computer science bibliography, https://dblp.org}
}

@inproceedings{JambulapatiS18,
	author    = {Arun Jambulapati and
		Aaron Sidford},
	title     = {Efficient $\tilde{O}(n/\epsilon)$ Spectral
		Sketches for the Laplacian and its Pseudoinverse},
	booktitle = {SODA},
	pages     = {2487--2503},
	year      = {2018},
	url       = {https://doi.org/10.1137/1.9781611975031.159},
	doi       = {10.1137/1.9781611975031.159},
	timestamp = {Thu, 04 Jan 2018 13:55:11 +0100},
	biburl    = {https://dblp.org/rec/bib/conf/soda/JambulapatiS18},
	bibsource = {dblp computer science bibliography, https://dblp.org}
}


@inproceedings{Trevisan05,
	author    = {Luca Trevisan},
	title     = {Approximation Algorithms for Unique Games},
	booktitle = {FOCS},
	pages     = {197--205},
	year      = {2005},
	url       = {https://doi.org/10.1109/SFCS.2005.22},
	doi       = {10.1109/SFCS.2005.22},
	timestamp = {Wed, 16 Oct 2019 14:14:54 +0200},
	biburl    = {https://dblp.org/rec/bib/conf/focs/Trevisan05},
	bibsource = {dblp computer science bibliography, https://dblp.org}
}

@inproceedings{AhnGM13,
	author    = {Kook Jin Ahn and
		Sudipto Guha and
		Andrew McGregor},
	title     = {Spectral Sparsification in Dynamic Graph Streams},
	booktitle = {{APPROX-RANDOM}},
	pages     = {1--10},
	year      = {2013}
}

@inproceedings{AhnGM12,
	author    = {Kook Jin Ahn and
		Sudipto Guha and
		Andrew McGregor},
	title     = {Graph sketches: sparsification, spanners, and subgraphs},
	booktitle = {{PODS}},
	pages     = {5--14},
	year      = {2012}
}

@inproceedings{Wajc19,
	author    = {David Wajc},
	title     = {Rounding Dynamic Matchings Against an Adaptive Adversary},
	booktitle = STOC20,
	pages     = {194--207},
	year      = {2020},
	url       = {http://arxiv.org/abs/1911.05545},
}

@inproceedings{FungHHP11,
	author    = {Wai Shing Fung and
		Ramesh Hariharan and
		Nicholas J. A. Harvey and
		Debmalya Panigrahi},
	title     = {A general framework for graph sparsification},
	booktitle = {{STOC}},
	pages     = {71--80},
	year      = {2011}
}

@inproceedings{ChangS19,
	author    = {Yi{-}Jun Chang and
		Thatchaphol Saranurak},
	title     = {Improved Distributed Expander Decomposition and Nearly Optimal Triangle
		Enumeration},
	booktitle = {{PODC}},
	pages     = {66--73},
	year      = {2019}
}

@inproceedings{DagaHNS19,
	author    = {Mohit Daga and
		Monika Henzinger and
		Danupon Nanongkai and
		Thatchaphol Saranurak},
	title     = {Distributed edge connectivity in sublinear time},
	booktitle = stoc19,
	pages     = {343--354},
	year      = {2019}
}

@inproceedings{BrandLNPSSSW20,
	author    = {Brand, Jan van den and
		Yin Tat Lee and
		Danupon Nanongkai and
		Richard Peng and
		Thatchaphol Saranurak and
		Aaron Sidford and
		Zhao Song and
		Di Wang},
	title     = {Bipartite Matching in Nearly-linear Time on Moderately Dense Graphs},
	booktitle = focs20,
	pages     = {919--930},
	tttpublisher = {{IEEE}},
	year      = {2020}
}

@inproceedings{BrandLLSS0W21,
	author    = {Brand, Jan van den and
		Yin Tat Lee and
		Yang P. Liu and
		Thatchaphol Saranurak and
		Aaron Sidford and
		Zhao Song and
		Di Wang},
	title     = {Minimum cost flows, MDPs, and L1-regression
		in nearly linear time for dense instances},
	booktitle = {{STOC}},
	pages     = {859--869},
	tttpublisher = {{ACM}},
	year      = {2021}
}


@inproceedings{Brand21-SOSA,
	author    = {Brand, Jan van den},
	title     = {Unifying Matrix Data Structures: Simplifying and Speeding up Iterative
		Algorithms},
	booktitle = {{SOSA}},
	pages     = {1--13},
	tttpublisher = {{SIAM}},
	year      = {2021}
}


@inproceedings{Jiang0WZ21,
	author    = {Shunhua Jiang and
		Zhao Song and
		Omri Weinstein and
		Hengjie Zhang},
	title     = {A faster algorithm for solving general LPs},
	booktitle = {{STOC}},
	pages     = {823--832},
	tttpublisher = {{ACM}},
	year      = {2021}
}



@inproceedings{BrandNS19,
	author    = {Brand, Jan van den and
		Danupon Nanongkai and
		Thatchaphol Saranurak},
	title     = {Dynamic Matrix Inverse: Improved Algorithms and Matching Conditional
		Lower Bounds},
	booktitle = focs19,
	pages     = {456--480},
	tttpublisher = {{IEEE} Computer Society},
	year      = {2019}
}

@inproceedings{Sankowski04,
	author    = {Piotr Sankowski},
	title     = {Dynamic Transitive Closure via Dynamic Matrix Inverse (Extended Abstract)},
	booktitle = {{FOCS}},
	pages     = {509--517},
	tttpublisher = {{IEEE} Computer Society},
	year      = {2004}
}




@inproceedings{BhattacharyaHI15,
	author    = {Sayan Bhattacharya and
		Monika Henzinger and
		Giuseppe F. Italiano},
	title     = {Deterministic Fully Dynamic Data Structures for Vertex Cover and Matching},
	booktitle = soda15,
	year      = {2015},
}



inproceedings{BhattacharyaHN19,
	author    = {Sayan Bhattacharya and
		Monika Henzinger and
		Danupon Nanongkai},
	title     = {A New Deterministic Algorithm for Dynamic Set Cover},
	booktitle = {{FOCS}},
	year      = {2019}
}

@inproceedings{BhattacharyaHN16,
	author    = {Sayan Bhattacharya and
		Monika Henzinger and
		Danupon Nanongkai},
	title     = {New deterministic approximation algorithms for fully dynamic matching},
	booktitle = stoc16,
	pages     = {398--411},
	year      = {2016}
}


@inproceedings{BhattacharyaHN17,
	author    = {Sayan Bhattacharya and
		Monika Henzinger and
		Danupon Nanongkai},
	title     = {Fully Dynamic Approximate Maximum Matching and Minimum Vertex Cover
		in \emph{O}(log\({}^{\mbox{3}}\) \emph{n}) Worst Case Update Time},
	booktitle = soda17,
	pages     = {470--489},
	year      = {2017}
}

@inproceedings{BhattacharyaK19,
	author    = {Sayan Bhattacharya and
		Janardhan Kulkarni},
	title     = {Deterministically Maintaining a $(2 +\epsilon)$-Approximate
		Minimum Vertex Cover in ${O}(1/\epsilon^2)$ Amortized Update Time},
	booktitle = soda19,
	year      = {2019}
}

@article{ChuzhoyGLNPS19,
	author    = {Julia Chuzhoy and
		Yu Gao and
		Jason Li and
		Danupon Nanongkai and
		Richard Peng and
		Thatchaphol Saranurak},
	title     = {A Deterministic Algorithm for Balanced Cut with Applications to Dynamic
		Connectivity, Flows, and Beyond},
	journal   = {CoRR},
	volume    = {abs/1910.08025},
	year      = {2019}
}


@article{BatsonSS14,
	author    = {Joshua D. Batson and
		Daniel A. Spielman and
		Nikhil Srivastava},
	title     = {Twice-{R}amanujan Sparsifiers},
	journal   = {{SIAM} Review},
	volume    = {56},
	number    = {2},
	pages     = {315--334},
	year      = {2014},
	url       = {https://doi.org/10.1137/130949117},
	doi       = {10.1137/130949117},
	timestamp = {Wed, 17 May 2017 14:25:31 +0200},
	biburl    = {https://dblp.org/rec/bib/journals/siamrev/BatsonSS14},
	bibsource = {dblp computer science bibliography, https://dblp.org}
}

@article{BatsonSST13,
	author    = {Joshua D. Batson and
		Daniel A. Spielman and
		Nikhil Srivastava and
		Shang{-}Hua Teng},
	title     = {Spectral sparsification of graphs: theory and algorithms},
	journal   = {Commun. {ACM}},
	volume    = {56},
	number    = {8},
	pages     = {87--94},
	year      = {2013},
	url       = {https://doi.org/10.1145/2492007.2492029},
	doi       = {10.1145/2492007.2492029},
	timestamp = {Tue, 06 Nov 2018 12:51:43 +0100},
	biburl    = {https://dblp.org/rec/bib/journals/cacm/BatsonSST13},
	bibsource = {dblp computer science bibliography, https://dblp.org}
}

@article{KoutisX16,
	author    = {Ioannis Koutis and
		Shen Chen Xu},
	title     = {Simple Parallel and Distributed Algorithms for Spectral Graph Sparsification},
	journal   = {{TOPC}},
	volume    = {3},
	number    = {2},
	pages     = {14:1--14:14},
	year      = {2016},
	url       = {https://doi.org/10.1145/2948062},
	doi       = {10.1145/2948062},
	timestamp = {Tue, 06 Nov 2018 12:51:07 +0100},
	biburl    = {https://dblp.org/rec/bib/journals/topc/KoutisX16},
	bibsource = {dblp computer science bibliography, https://dblp.org}
}

@inproceedings{LeeS17,
	author    = {Yin Tat Lee and
		He Sun},
	title     = {An SDP-based algorithm for linear-sized spectral sparsification},
	booktitle = {{STOC}},
	pages     = {678--687},
	year      = {2017}
}

@article{LeeS18,
	author    = {Yin Tat Lee and
		He Sun},
	title     = {Constructing Linear-Sized Spectral Sparsification in Almost-Linear
		Time},
	journal   = {{SIAM} J. Comput.},
	volume    = {47},
	number    = {6},
	pages     = {2315--2336},
	year      = {2018},
	url       = {https://doi.org/10.1137/16M1061850},
	doi       = {10.1137/16M1061850},
	timestamp = {Fri, 05 Apr 2019 13:05:16 +0200},
	biburl    = {https://dblp.org/rec/bib/journals/siamcomp/Lee018},
	bibsource = {dblp computer science bibliography, https://dblp.org}
}

@inproceedings{ZhuLO15,
	author    = {Zeyuan {Allen Zhu} and
		Zhenyu Liao and
		Lorenzo Orecchia},
	title     = {Spectral Sparsification and Regret Minimization Beyond Matrix Multiplicative
		Updates},
	booktitle = {STOC},
	pages     = {237--245},
	year      = {2015},
	url       = {https://doi.org/10.1145/2746539.2746610},
	doi       = {10.1145/2746539.2746610},
	timestamp = {Tue, 06 Nov 2018 11:07:06 +0100},
	biburl    = {https://dblp.org/rec/bib/conf/stoc/ZhuLO15},
	bibsource = {dblp computer science bibliography, https://dblp.org}
}

@article{SilvaHS2016sparse,
	title={Sparse sums of positive semidefinite matrices},
	author={Silva, Marcel K and Harvey, Nicholas JA and Sato, Cristiane M},
	journal={ACM Transactions on Algorithms (TALG)},
	volume={12},
	number={1},
	pages={9},
	year={2016},
	tttpublisher={ACM}
}

@article{SpielmanS2011graph,
	title={Graph sparsification by effective resistances},
	author={Spielman, Daniel A and Srivastava, Nikhil},
	journal={SIAM Journal on Computing},
	volume={40},
	number={6},
	pages={1913--1926},
	year={2011},
	tttpublisher={SIAM}
}

@inproceedings{KleinbergR96,
	author    = {Jon M. Kleinberg and
		Ronitt Rubinfeld},
	title     = {Short Paths in Expander Graphs},
	booktitle = {FOCS},
	pages     = {86--95},
	year      = {1996},
	url       = {https://doi.org/10.1109/SFCS.1996.548467},
	doi       = {10.1109/SFCS.1996.548467},
	timestamp = {Fri, 19 May 2017 01:25:58 +0200},
	biburl    = {https://dblp.org/rec/bib/conf/focs/KleinbergR96},
	bibsource = {dblp computer science bibliography, https://dblp.org}
}

@article{Krivelevich2019expanders,
	title={Expanders—how to find them, and what to find in them},
	author={Krivelevich, Michael},
	journal={Surveys in Combinatorics},
	year={2019}
}

@InProceedings{ParterY19,
	author =	{Merav Parter and Eylon Yogev},
	title =	{{Optimal Short Cycle Decomposition in Almost Linear Time}},
	booktitle =	{46th International Colloquium on Automata, Languages, and Programming (ICALP 2019)},
	pages =	{89:1--89:14},
	series =	{Leibniz International Proceedings in Informatics (LIPIcs)},
	ISBN =	{978-3-95977-109-2},
	ISSN =	{1868-8969},
	year =	{2019},
	volume =	{132},
	editor =	{Christel Baier and Ioannis Chatzigiannakis and Paola Flocchini and Stefano Leonardi},
	tttpublisher =	{Schloss Dagstuhl--Leibniz-Zentrum fuer Informatik},
	address =	{Dagstuhl, Germany},
	URL =		{http://drops.dagstuhl.de/opus/volltexte/2019/10665},
	URN =		{urn:nbn:de:0030-drops-106653},
	doi =		{10.4230/LIPIcs.ICALP.2019.89},
	annote =	{Keywords: Cycle decomposition, low-congestion cycle cover, graph sparsification}
}

@inproceedings{SpielmanT04,
	author    = {Daniel A. Spielman and
		Shang{-}Hua Teng},
	title     = {Nearly-linear time algorithms for graph partitioning, graph sparsification,
		and solving linear systems},
	booktitle = {{STOC}},
	pages     = {81--90},
	year      = {2004}
}

@article{KachitvichyanukulS88,
	author    = {Voratas Kachitvichyanukul and
		Bruce W. Schmeiser},
	title     = {Binomial Random Variate Generation},
	journal   = {Commun. {ACM}},
	volume    = {31},
	number    = {2},
	pages     = {216--222},
	year      = {1988}
}

@inproceedings{GuptaKS14,
	author    = {Anupam Gupta and
		Amit Kumar and
		Cliff Stein},
	title     = {Maintaining Assignments Online: Matching, Scheduling, and Flows},
	booktitle = {{SODA}},
	pages     = {468--479},
	tttpublisher = {{SIAM}},
	year      = {2014}
}

@inproceedings{LackiOPSZ15,
	author    = {Jakub Lacki and
		Jakub Ocwieja and
		Marcin Pilipczuk and
		Piotr Sankowski and
		Anna Zych},
	title     = {The Power of Dynamic Distance Oracles: Efficient Dynamic Algorithms
		for the Steiner Tree},
	booktitle = {{STOC}},
	pages     = {11--20},
	year      = {2015}
}


@inproceedings{GuGK13,
	author    = {Albert Gu and
		Anupam Gupta and
		Amit Kumar},
	title     = {The power of deferral: maintaining a constant-competitive steiner
		tree online},
	booktitle = {{STOC}},
	pages     = {525--534},
	year      = {2013}
}



@inproceedings{GuptaK14,
	author    = {Anupam Gupta and
		Amit Kumar},
	title     = {Online Steiner Tree with Deletions},
	booktitle = {{SODA}},
	pages     = {455--467},
	tttpublisher = {{SIAM}},
	year      = {2014}
}

@article{ImaseW91,
	author    = {Makoto Imase and
		Bernard M. Waxman},
	title     = {Dynamic Steiner Tree Problem},
	journal   = {{SIAM} J. Discrete Math.},
	volume    = {4},
	number    = {3},
	pages     = {369--384},
	year      = {1991}
}

@article{MegowSVW16,
	author    = {Nicole Megow and
		Martin Skutella and
		Jos{\'{e}} Verschae and
		Andreas Wiese},
	title     = {The Power of Recourse for Online {MST} and {TSP}},
	journal   = {{SIAM} J. Comput.},
	volume    = {45},
	number    = {3},
	pages     = {859--880},
	year      = {2016}
}



@inproceedings{GuptaK0P17,
	author    = {Anupam Gupta and
		Ravishankar Krishnaswamy and
		Amit Kumar and
		Debmalya Panigrahi},
	title     = {Online and dynamic algorithms for set cover},
	booktitle = {{STOC}},
	pages     = {537--550},
	year      = {2017}
}

@inproceedings{BernsteinHR18,
	author    = {Aaron Bernstein and
		Jacob Holm and
		Eva Rotenberg},
	title     = {Online Bipartite Matching with Amortized Replacements},
	booktitle = {{SODA}},
	pages     = {947--959},
	year      = {2018}
}

@inproceedings{BernsteinR11,
	author    = {Aaron Bernstein and
		Liam Roditty},
	title     = {Improved Dynamic Algorithms for Maintaining Approximate Shortest Paths
		Under Deletions},
	booktitle = {{SODA}},
	pages     = {1355--1365},
	year      = {2011}
}

@inproceedings{BernsteinC16,
	author    = {Aaron Bernstein and
		Shiri Chechik},
	title     = {Deterministic decremental single source shortest paths: beyond the
		${O}(mn)$ bound},
	booktitle = stoc16,
	pages     = {389--397},
	year      = {2016}
}

@inproceedings{RodittyZ04,
	author    = {Liam Roditty and
		Uri Zwick},
	title     = {Dynamic Approximate All-Pairs Shortest Paths in Undirected Graphs},
	booktitle = {FOCS},
	pages     = {499--508},
	year      = {2004},
	url       = {https://doi.org/10.1109/FOCS.2004.22},
	doi       = {10.1109/FOCS.2004.22},
	timestamp = {Fri, 19 May 2017 01:25:59 +0200},
	biburl    = {https://dblp.org/rec/bib/conf/focs/RodittyZ04},
	bibsource = {dblp computer science bibliography, https://dblp.org}
}

@inproceedings{AndrewsZ06,
	author    = {Matthew Andrews and
		Lisa Zhang},
	title     = {Logarithmic hardness of the directed congestion minimization problem},
	booktitle = {STOC},
	pages     = {517--526},
	year      = {2006},
	url       = {https://doi.org/10.1145/1132516.1132592},
	doi       = {10.1145/1132516.1132592},
	timestamp = {Tue, 06 Nov 2018 11:07:06 +0100},
	biburl    = {https://dblp.org/rec/bib/conf/stoc/AndrewsZ06},
	bibsource = {dblp computer science bibliography, https://dblp.org}
}

@article{AndrewsZ07,
	author    = {Matthew Andrews and
		Lisa Zhang},
	title     = {Hardness of the Undirected Congestion Minimization Problem},
	journal   = {{SIAM} J. Comput.},
	volume    = {37},
	number    = {1},
	pages     = {112--131},
	year      = {2007},
	url       = {https://doi.org/10.1137/050636899},
	doi       = {10.1137/050636899},
	timestamp = {Sat, 27 May 2017 14:22:58 +0200},
	biburl    = {https://dblp.org/rec/bib/journals/siamcomp/AndrewsZ07},
	bibsource = {dblp computer science bibliography, https://dblp.org}
}

@article{ChuzhoyN06,
	author    = {Julia Chuzhoy and
		Joseph Naor},
	title     = {New hardness results for congestion minimization and machine scheduling},
	journal   = {J. {ACM}},
	volume    = {53},
	number    = {5},
	pages     = {707--721},
	year      = {2006},
	url       = {https://doi.org/10.1145/1183907.1183908},
	doi       = {10.1145/1183907.1183908},
	timestamp = {Tue, 06 Nov 2018 12:51:46 +0100},
	biburl    = {https://dblp.org/rec/bib/journals/jacm/ChuzhoyN06},
	bibsource = {dblp computer science bibliography, https://dblp.org}
}

@article{RaghavanT87,
	author    = {Prabhakar Raghavan and
		Clark D. Thompson},
	title     = {Randomized rounding: a technique for provably good algorithms and
		algorithmic proofs},
	journal   = {Combinatorica},
	volume    = {7},
	number    = {4},
	pages     = {365--374},
	year      = {1987},
	url       = {https://doi.org/10.1007/BF02579324},
	doi       = {10.1007/BF02579324},
	timestamp = {Wed, 14 Nov 2018 10:24:11 +0100},
	biburl    = {https://dblp.org/rec/bib/journals/combinatorica/RaghavanT87},
	bibsource = {dblp computer science bibliography, https://dblp.org}
}

@article{HajiaghayiKRL07,
	author    = {Mohammad Taghi Hajiaghayi and
		Robert D. Kleinberg and
		Harald R{\"{a}}cke and
		Tom Leighton},
	title     = {Oblivious routing on node-capacitated and directed graphs},
	journal   = {{ACM} Trans. Algorithms},
	volume    = {3},
	number    = {4},
	pages     = {51},
	year      = {2007},
	url       = {https://doi.org/10.1145/1290672.1290688},
	doi       = {10.1145/1290672.1290688},
	timestamp = {Tue, 06 Nov 2018 12:51:20 +0100},
	biburl    = {https://dblp.org/rec/bib/journals/talg/HajiaghayiKRL07},
	bibsource = {dblp computer science bibliography, https://dblp.org}
}

@inproceedings{Sherman17,
	author    = {Jonah Sherman},
	title     = {Area-convexity, $l_{\infty}$  regularization, and
		undirected multicommodity flow},
	booktitle = {STOC},
	pages     = {452--460},
	year      = {2017},
	url       = {https://doi.org/10.1145/3055399.3055501},
	doi       = {10.1145/3055399.3055501},
	timestamp = {Tue, 06 Nov 2018 11:07:06 +0100},
	biburl    = {https://dblp.org/rec/bib/conf/stoc/Sherman17},
	bibsource = {dblp computer science bibliography, https://dblp.org}
}

@inproceedings{KelnerMP12,
	author    = {Jonathan A. Kelner and
		Gary L. Miller and
		Richard Peng},
	title     = {Faster approximate multicommodity flow using quadratically coupled
		flows},
	booktitle = {STOC},
	pages     = {1--18},
	year      = {2012},
	url       = {https://doi.org/10.1145/2213977.2213979},
	doi       = {10.1145/2213977.2213979},
	timestamp = {Tue, 06 Nov 2018 11:07:05 +0100},
	biburl    = {https://dblp.org/rec/bib/conf/stoc/KelnerMP12},
	bibsource = {dblp computer science bibliography, https://dblp.org}
}

@article{Chung89,
	title={Diameters and eigenvalues},
	author={Chung, Fan RK},
	journal={Journal of the American Mathematical Society},
	volume={2},
	number={2},
	pages={187--196},
	year={1989}
}

@article{GargK07,
	author    = {Naveen Garg and
		Jochen K{\"{o}}nemann},
	title     = {Faster and Simpler Algorithms for Multicommodity Flow and Other Fractional
		Packing Problems},
	journal   = {{SIAM} J. Comput.},
	volume    = {37},
	number    = {2},
	pages     = {630--652},
	year      = {2007},
	url       = {https://doi.org/10.1137/S0097539704446232},
	doi       = {10.1137/S0097539704446232},
	timestamp = {Wed, 14 Feb 2018 13:29:26 +0100},
	biburl    = {https://dblp.org/rec/bib/journals/siamcomp/GargK07},
	bibsource = {dblp computer science bibliography, https://dblp.org}
}

@article{SleatorT83,
	author    = {Daniel Dominic Sleator and
		Robert Endre Tarjan},
	title     = {A Data Structure for Dynamic Trees},
	journal   = {J. Comput. Syst. Sci.},
	volume    = {26},
	number    = {3},
	pages     = {362--391},
	year      = {1983},
	url       = {https://doi.org/10.1016/0022-0000(83)90006-5},
	doi       = {10.1016/0022-0000(83)90006-5},
	timestamp = {Wed, 14 Nov 2018 10:33:58 +0100},
	biburl    = {https://dblp.org/rec/bib/journals/jcss/SleatorT83},
	bibsource = {dblp computer science bibliography, https://dblp.org}
}

@inproceedings{RackeST14,
	author    = {Harald R{\"{a}}cke and
		Chintan Shah and
		Hanjo T{\"{a}}ubig},
	title     = {Computing Cut-Based Hierarchical Decompositions in Almost Linear Time},
	booktitle = {SODA},
	pages     = {227--238},
	year      = {2014},
	url       = {https://doi.org/10.1137/1.9781611973402.17},
	doi       = {10.1137/1.9781611973402.17},
	timestamp = {Wed, 24 May 2017 08:31:21 +0200},
	biburl    = {https://dblp.org/rec/bib/conf/soda/RackeST14},
	bibsource = {dblp computer science bibliography, https://dblp.org}
}

@article{Karakostas08,
	author    = {George Karakostas},
	title     = {Faster approximation schemes for fractional multicommodity flow problems},
	journal   = {{ACM} Trans. Algorithms},
	volume    = {4},
	number    = {1},
	pages     = {13:1--13:17},
	year      = {2008},
	url       = {https://doi.org/10.1145/1328911.1328924},
	doi       = {10.1145/1328911.1328924},
	timestamp = {Tue, 06 Nov 2018 12:51:21 +0100},
	biburl    = {https://dblp.org/rec/bib/journals/talg/Karakostas08},
	bibsource = {dblp computer science bibliography, https://dblp.org}
}

@article{Fleischer00,
	author    = {Lisa Fleischer},
	title     = {Approximating Fractional Multicommodity Flow Independent of the Number
		of Commodities},
	journal   = {{SIAM} J. Discrete Math.},
	volume    = {13},
	number    = {4},
	pages     = {505--520},
	year      = {2000},
	url       = {https://doi.org/10.1137/S0895480199355754},
	doi       = {10.1137/S0895480199355754},
	timestamp = {Fri, 26 May 2017 22:54:47 +0200},
	biburl    = {https://dblp.org/rec/bib/journals/siamdm/Fleischer00},
	bibsource = {dblp computer science bibliography, https://dblp.org},
	note	= {announced at FOCS'99}
}

@article{EvenS,
	title={An on-line edge-deletion problem},
	author={Even, Shimon and Shiloach, Yossi},
	journal={Journal of the ACM (JACM)},
	volume={28},
	number={1},
	pages={1--4},
	year={1981},
}

@inproceedings {Bernstein17,
	author    = {Aaron Bernstein},
	title     = {Deterministic Partially Dynamic Single Source Shortest Paths in Weighted
		Graphs},
	booktitle = icalp17,
	volume    = {80},
	series    = {LIPIcs},
	pages     = {44:1--44:14},
	year      = {2017},
	biburl    = {https://dblp.org/rec/conf/icalp/Bernstein17.bib},
	bibsource = {dblp computer science bibliography, https://dblp.org}
}


@inproceedings{BernsteinChechikSparse,
	title={Deterministic partially dynamic single source shortest paths for sparse graphs},
	author={Bernstein, Aaron and Chechik, Shiri},
	booktitle=soda17,
	pages={453--469},
	year={2017},
}


@article{AlstrupDFSW17,
	author    = {Stephen Alstrup and
		S{\o}ren Dahlgaard and
		Arnold Filtser and
		Morten St{\"{o}}ckel and
		Christian Wulff{-}Nilsen},
	title     = {Constructing Light Spanners Deterministically in Near-Linear Time},
	journal   = {CoRR},
	volume    = {abs/1709.01960},
	year      = {2017},
	url       = {http://arxiv.org/abs/1709.01960},
	archivePrefix = {arXiv},
	eprint    = {1709.01960},
	timestamp = {Mon, 13 Aug 2018 16:47:53 +0200},
	biburl    = {https://dblp.org/rec/bib/journals/corr/abs-1709-01960},
	bibsource = {dblp computer science bibliography, https://dblp.org}
}


@inproceedings{Solomon16,
	author    = {Shay Solomon},
	title     = {Fully Dynamic Maximal Matching in Constant Update Time},
	booktitle = focs16,
	pages     = {325--334},
	year      = {2016},
	url       = {https://doi.org/10.1109/FOCS.2016.43},
	doi       = {10.1109/FOCS.2016.43},
	timestamp = {Fri, 19 May 2017 01:26:00 +0200},
	biburl    = {https://dblp.org/rec/bib/conf/focs/Solomon16},
	bibsource = {dblp computer science bibliography, https://dblp.org}
}

@inproceedings{gutenberg2020deterministic,
	title={Deterministic algorithms for decremental approximate shortest paths: Faster and simpler},
	author={Gutenberg, Maximilian Probst and Wulff-Nilsen, Christian},
	booktitle=soda20,
	pages={2522--2541},
	year={2020},
}

@article{BaswanaGS18,
	author    = {Surender Baswana and
		Manoj Gupta and
		Sandeep Sen},
	title     = {Fully Dynamic Maximal Matching in ${O}(\log n)$ Update Time (Corrected
		Version)},
	journal   = {{SIAM} J. Comput.},
	volume    = {47},
	number    = {3},
	pages     = {617--650},
	year      = {2018},
	url       = {https://doi.org/10.1137/16M1106158},
	doi       = {10.1137/16M1106158},
	timestamp = {Mon, 23 Jul 2018 16:59:28 +0200},
	biburl    = {https://dblp.org/rec/bib/journals/siamcomp/BaswanaGS18},
	bibsource = {dblp computer science bibliography, https://dblp.org}
}


@inproceedings{bringmann2012efficient,
	title={Efficient sampling methods for discrete distributions},
	author={Bringmann, Karl and Panagiotou, Konstantinos},
	booktitle=icalp12,
	pages={133--144},
	year={2012},
	tttorganization={Springer}
}

@article{knuth1997seminumerical,
	title={Seminumerical algorithms},
	author={Knuth, Donald Ervin},
	journal={The art of computer programming},
	volume={2},
	year={1997},
	tttpublisher={Addison-Wesley}
}

@article{devroye2006nonuniform,
	title={Nonuniform random variate generation},
	author={Devroye, Luc},
	journal={Handbooks in operations research and management science},
	volume={13},
	pages={83--121},
	year={2006},
	tttpublisher={Elsevier}
}

@inproceedings{BhattacharyaCHN18,
	author    = {Sayan Bhattacharya and
		Deeparnab Chakrabarty and
		Monika Henzinger and
		Danupon Nanongkai},
	title     = {Dynamic Algorithms for Graph Coloring},
	booktitle = soda15,
	pages     = {1--20},
	year      = {2018},
}

@inproceedings{BernsteinPW19,
	author    = {Aaron Bernstein and
		Maximilian Probst and
		Christian Wulff{-}Nilsen},
	title     = {Decremental strongly-connected components and single-source reachability
		in near-linear time},
	booktitle = stoc19,
	pages     = {365--376},
	year      = {2019},
}



@inproceedings{chechik,
	title={Near-Optimal Approximate Decremental All Pairs Shortest Paths},
	author={Chechik, Shiri},
	booktitle={FOCS},
	year={2018}
}

@article{HenzingerKN14_focs,
	author    = {Monika Henzinger and
		Sebastian Krinninger and
		Danupon Nanongkai},
	title     = {Decremental Single-Source Shortest Paths on Undirected Graphs in Near-Linear
		Total Update Time},
	journal   = {J. {ACM}},
	volume    = {65},
	number    = {6},
	pages     = {36:1--36:40},
	year      = {2018},
	note  = {announced at FOCS'14}
}


inproceedings{HenzingerKN14_focs,
	author    = {Monika Henzinger and
		Sebastian Krinninger and
		Danupon Nanongkai},
	title     = {Decremental Single-Source Shortest Paths on Undirected Graphs in Near-Linear
		Total Update Time},
	booktitle = focs14,
	pages     = {146--155},
	year      = {2014},
	biburl    = {https://dblp.org/rec/bib/conf/focs/HenzingerKN14},
	bibsource = {dblp computer science bibliography, https://dblp.org}
}

@inproceedings{Li21,
	author    = {Jason Li},
	title     = {Deterministic mincut in almost-linear time},
	booktitle = {{STOC}},
	pages     = {384--395},
	tttpublisher = {{ACM}},
	year      = {2021}
}

@inproceedings{KapronKM13,
	author    = {Bruce M. Kapron and
		Valerie King and
		Ben Mountjoy},
	title     = {Dynamic graph connectivity in polylogarithmic worst case time},
	booktitle = {SODA},
	pages     = {1131--1142},
	year      = {2013},
	url       = {https://doi.org/10.1137/1.9781611973105.81},
	doi       = {10.1137/1.9781611973105.81},
	timestamp = {Wed, 14 Nov 2018 10:51:42 +0100},
	biburl    = {https://dblp.org/rec/bib/conf/soda/KapronKM13},
	bibsource = {dblp computer science bibliography, https://dblp.org}
}

@article{HenzingerKN16,
	author    = {Monika Henzinger and
		Sebastian Krinninger and
		Danupon Nanongkai},
	title     = {Dynamic Approximate All-Pairs Shortest Paths: Breaking the ${O}(mn)$ Barrier
		and Derandomization},
	journal   = {{SIAM} J. Comput.},
	volume    = {45},
	number    = {3},
	pages     = {947--1006},
	year      = {2016},
	note  = {Announced at FOCS'13}
}


@inproceedings{GhaffariK18,
	author    = {Mohsen Ghaffari and
		Fabian Kuhn},
	title     = {Derandomizing Distributed Algorithms with Small Messages: Spanners
		and Dominating Set},
	booktitle = {DISC},
	pages     = {29:1--29:17},
	year      = {2018},
	url       = {https://doi.org/10.4230/LIPIcs.DISC.2018.29},
	doi       = {10.4230/LIPIcs.DISC.2018.29},
	timestamp = {Tue, 09 Oct 2018 13:57:40 +0200},
	biburl    = {https://dblp.org/rec/bib/conf/wdag/GhaffariK18},
	bibsource = {dblp computer science bibliography, https://dblp.org}
}

@inproceedings{GrossmanP17,
	author    = {Ofer Grossman and
		Merav Parter},
	title     = {Improved Deterministic Distributed Construction of Spanners},
	booktitle = {DISC},
	pages     = {24:1--24:16},
	year      = {2017},
	url       = {https://doi.org/10.4230/LIPIcs.DISC.2017.24},
	doi       = {10.4230/LIPIcs.DISC.2017.24},
	timestamp = {Thu, 23 Aug 2018 15:56:39 +0200},
	biburl    = {https://dblp.org/rec/bib/conf/wdag/GrossmanP17},
	bibsource = {dblp computer science bibliography, https://dblp.org}
}

@article{DerbelMZ10,
	author    = {Bilel Derbel and
		Mohamed Mosbah and
		Akka Zemmari},
	title     = {Sublinear Fully Distributed Partition with Applications},
	journal   = {Theory Comput. Syst.},
	volume    = {47},
	number    = {2},
	pages     = {368--404},
	year      = {2010},
	url       = {https://doi.org/10.1007/s00224-009-9190-x},
	doi       = {10.1007/s00224-009-9190-x},
	timestamp = {Sun, 28 May 2017 13:18:25 +0200},
	biburl    = {https://dblp.org/rec/bib/journals/mst/DerbelMZ10},
	bibsource = {dblp computer science bibliography, https://dblp.org}
}

@inproceedings{ChuzhoyK19,
	author    = {Julia Chuzhoy and
		Sanjeev Khanna},
	title     = {A new algorithm for decremental single-source shortest paths with
		applications to vertex-capacitated flow and cut problems},
	booktitle = stoc19,
	pages     = {389--400},
	year      = {2019}
}


@inproceedings{NeimanS13,
	author    = {Ofer Neiman and
		Shay Solomon},
	title     = {Simple deterministic algorithms for fully dynamic maximal matching},
	booktitle = {STOC},
	pages     = {745--754},
	year      = {2013},
	url       = {https://doi.org/10.1145/2488608.2488703},
	doi       = {10.1145/2488608.2488703},
	timestamp = {Tue, 06 Nov 2018 11:07:04 +0100},
	biburl    = {https://dblp.org/rec/bib/conf/stoc/NeimanS13},
	bibsource = {dblp computer science bibliography, https://dblp.org}
}

@inproceedings{NanongkaiS17,
	author    = {Danupon Nanongkai and
		Thatchaphol Saranurak},
	title     = {Dynamic spanning forest with worst-case update time: adaptive, {L}as
		Vegas, and ${O}(n^{1/2-\epsilon})$-time},
	booktitle = stoc17,
	pages     = {1122--1129},
	year      = {2017},
	url       = {https://doi.org/10.1145/3055399.3055447},
	doi       = {10.1145/3055399.3055447},
	timestamp = {Tue, 06 Nov 2018 11:07:05 +0100},
	biburl    = {https://dblp.org/rec/bib/conf/stoc/NanongkaiS17},
	bibsource = {dblp computer science bibliography, https://dblp.org}
}@

inproceedings{Wulff-Nilsen17,
	author    = {Christian Wulff{-}Nilsen},
	title     = {Fully-dynamic minimum spanning forest with improved worst-case update
		time},
	booktitle = stoc17,
	pages     = {1130--1143},
	year      = {2017},
	url       = {https://doi.org/10.1145/3055399.3055415},
	doi       = {10.1145/3055399.3055415},
	timestamp = {Tue, 06 Nov 2018 11:07:05 +0100},
	biburl    = {https://dblp.org/rec/bib/conf/stoc/Wulff-Nilsen17},
	bibsource = {dblp computer science bibliography, https://dblp.org}
}

@inproceedings{Peng16,
	author    = {Richard Peng},
	title     = {Approximate Undirected Maximum Flows in ${O}(m \poly\log(n))$ Time},
	booktitle = {SODA},
	pages     = {1862--1867},
	year      = {2016},
	biburl    = {https://dblp.org/rec/bib/conf/soda/Peng16},
	bibsource = {dblp computer science bibliography, https://dblp.org}
}

@article{BenczurK15,
	title={Randomized approximation schemes for cuts and flows in capacitated graphs},
	author={Bencz{\'u}r, Andr{\'a}s A and Karger, David R},
	journal={SIAM Journal on Computing},
	volume={44},
	number={2},
	pages={290--319},
	year={2015},
	tttpublisher={SIAM}
}

@article{KhandekarRV09,
	author    = {Rohit Khandekar and
		Satish Rao and
		Umesh V. Vazirani},
	title     = {Graph partitioning using single commodity flows},
	journal   = {J. {ACM}},
	volume    = {56},
	number    = {4},
	pages     = {19:1--19:15},
	year      = {2009},
	url       = {https://doi.org/10.1145/1538902.1538903},
	doi       = {10.1145/1538902.1538903},
	timestamp = {Tue, 06 Nov 2018 12:51:44 +0100},
	biburl    = {https://dblp.org/rec/bib/journals/jacm/KhandekarRV09},
	bibsource = {dblp computer science bibliography, https://dblp.org}
}

@inproceedings{AndoniCKQWZ16,
	author    = {Alexandr Andoni and
		Jiecao Chen and
		Robert Krauthgamer and
		Bo Qin and
		David P. Woodruff and
		Qin Zhang},
	title     = {On Sketching Quadratic Forms},
	booktitle = {ITCS},
	pages     = {311--319},
	year      = {2016},
	url       = {https://doi.org/10.1145/2840728.2840753},
	doi       = {10.1145/2840728.2840753},
	timestamp = {Tue, 06 Nov 2018 11:07:34 +0100},
	biburl    = {https://dblp.org/rec/bib/conf/innovations/AndoniCKQWZ16},
	bibsource = {dblp computer science bibliography, https://dblp.org}
}

@article{SpielmanT11,
	author    = {Daniel A. Spielman and
		Shang{-}Hua Teng},
	title     = {Spectral Sparsification of Graphs},
	journal   = {{SIAM} J. Comput.},
	volume    = {40},
	number    = {4},
	pages     = {981--1025},
	year      = {2011},
	url       = {https://doi.org/10.1137/08074489X},
	doi       = {10.1137/08074489X},
	timestamp = {Wed, 14 Nov 2018 10:45:06 +0100},
	biburl    = {https://dblp.org/rec/bib/journals/siamcomp/SpielmanT11},
	bibsource = {dblp computer science bibliography, https://dblp.org}
}


@inproceedings{GhaffariKS17,
	author    = {Mohsen Ghaffari and
		Fabian Kuhn and
		Hsin{-}Hao Su},
	title     = {Distributed {MST} and Routing in Almost Mixing Time},
	booktitle = {PODC},
	pages     = {131--140},
	year      = {2017},
	url       = {https://doi.org/10.1145/3087801.3087827},
	doi       = {10.1145/3087801.3087827},
	timestamp = {Tue, 06 Nov 2018 11:07:18 +0100},
	biburl    = {https://dblp.org/rec/bib/conf/podc/GhaffariKS17},
	bibsource = {dblp computer science bibliography, https://dblp.org}
}

@inproceedings{Madry10,
	author    = {Aleksander Madry},
	title     = {Faster approximation schemes for fractional multicommodity flow problems
		via dynamic graph algorithms},
	booktitle = {STOC},
	pages     = {121--130},
	year      = {2010},
	url       = {https://doi.org/10.1145/1806689.1806708},
	doi       = {10.1145/1806689.1806708},
	timestamp = {Tue, 06 Nov 2018 11:07:05 +0100},
	biburl    = {https://dblp.org/rec/bib/conf/stoc/Madry10},
	bibsource = {dblp computer science bibliography, https://dblp.org}
}

@article{LeightonR99,
	author    = {Frank Thomson Leighton and
		Satish Rao},
	title     = {Multicommodity max-flow min-cut theorems and their use in designing
		approximation algorithms},
	journal   = {J. {ACM}},
	volume    = {46},
	number    = {6},
	pages     = {787--832},
	year      = {1999},
	url       = {https://doi.org/10.1145/331524.331526},
	doi       = {10.1145/331524.331526},
	timestamp = {Wed, 14 Nov 2018 10:35:26 +0100},
	biburl    = {https://dblp.org/rec/bib/journals/jacm/LeightonR99},
	bibsource = {dblp computer science bibliography, https://dblp.org}
}

@article{BaswanaS07,
	author    = {Surender Baswana and
		Sandeep Sen},
	title     = {A simple and linear time randomized algorithm for computing sparse
		spanners in weighted graphs},
	journal   = {Random Struct. Algorithms},
	volume    = {30},
	number    = {4},
	pages     = {532--563},
	year      = {2007},
	url       = {https://doi.org/10.1002/rsa.20130},
	doi       = {10.1002/rsa.20130},
	timestamp = {Fri, 26 May 2017 22:50:39 +0200},
	biburl    = {https://dblp.org/rec/bib/journals/rsa/BaswanaS07},
	bibsource = {dblp computer science bibliography, https://dblp.org}
}

@article{RodittyZ11,
	author    = {Liam Roditty and
		Uri Zwick},
	title     = {On Dynamic Shortest Paths Problems},
	journal   = {Algorithmica},
	volume    = {61},
	number    = {2},
	pages     = {389--401},
	year      = {2011},
	biburl    = {https://dblp.org/rec/bib/journals/algorithmica/RodittyZ11},
	bibsource = {dblp computer science bibliography, https://dblp.org}
}

@inproceedings{RodittyTZ05,
	author    = {Liam Roditty and
		Mikkel Thorup and
		Uri Zwick},
	title     = {Deterministic Constructions of Approximate Distance Oracles and Spanners},
	booktitle = {ICALP},
	pages     = {261--272},
	year      = {2005},
	url       = {https://doi.org/10.1007/11523468\_22},
	doi       = {10.1007/11523468\_22},
	timestamp = {Wed, 14 Nov 2018 11:00:13 +0100},
	biburl    = {https://dblp.org/rec/bib/conf/icalp/RodittyTZ05},
	bibsource = {dblp computer science bibliography, https://dblp.org}
}

@article{Erdos86,
	author    = {Paul Erd{\"{o}}s},
	title     = {Two problems in extremal graph theory},
	journal   = {Graphs and Combinatorics},
	volume    = {2},
	number    = {1},
	pages     = {189--190},
	year      = {1986},
	biburl    = {https://dblp.org/rec/bib/journals/gc/Erdos86},
	bibsource = {dblp computer science bibliography, https://dblp.org}
}

@article{AlthoferDDJS93,
	author    = {Ingo Alth{\"{o}}fer and
		Gautam Das and
		David P. Dobkin and
		Deborah Joseph and
		Jos{\'{e}} Soares},
	title     = {On Sparse Spanners of Weighted Graphs},
	journal   = {Discrete {\&} Computational Geometry},
	volume    = {9},
	pages     = {81--100},
	year      = {1993},
	url       = {https://doi.org/10.1007/BF02189308},
	doi       = {10.1007/BF02189308},
	timestamp = {Wed, 08 Aug 2018 12:27:35 +0200},
	biburl    = {https://dblp.org/rec/bib/journals/dcg/AlthoferDDJS93},
	bibsource = {dblp computer science bibliography, https://dblp.org}
}

@article{ChechikW18,
	author    = {Shiri Chechik and
		Christian Wulff{-}Nilsen},
	title     = {Near-Optimal Light Spanners},
	journal   = {{ACM} Trans. Algorithms},
	volume    = {14},
	number    = {3},
	pages     = {33:1--33:15},
	year      = {2018},
	url       = {https://doi.org/10.1145/3199607},
	doi       = {10.1145/3199607},
	timestamp = {Wed, 21 Nov 2018 12:44:28 +0100},
	biburl    = {https://dblp.org/rec/bib/journals/talg/ChechikW18},
	bibsource = {dblp computer science bibliography, https://dblp.org}
}

@article{ElkinNS15,
	author    = {Michael Elkin and
		Ofer Neiman and
		Shay Solomon},
	title     = {Light Spanners},
	journal   = {{SIAM} J. Discrete Math.},
	volume    = {29},
	number    = {3},
	pages     = {1312--1321},
	year      = {2015},
	doi       = {10.1109/FOCS.2018.00042},
	timestamp = {Sun, 23 Dec 2018 08:29:07 +0100},
	biburl    = {https://dblp.org/rec/bib/conf/focs/ChuGPSSW18},
	bibsource = {dblp computer science bibliography, https://dblp.org}
}

@article{Baswana08,
	author    = {Surender Baswana},
	title     = {Streaming algorithm for graph spanners - single pass and constant
		processing time per edge},
	journal   = {Inf. Process. Lett.},
	volume    = {106},
	number    = {3},
	pages     = {110--114},
	year      = {2008},
	url       = {https://doi.org/10.1016/j.ipl.2007.11.001},
	doi       = {10.1016/j.ipl.2007.11.001},
	timestamp = {Fri, 26 May 2017 22:54:45 +0200},
	biburl    = {https://dblp.org/rec/bib/journals/ipl/Baswana08},
	bibsource = {dblp computer science bibliography, https://dblp.org}
}

@inproceedings{LiuSY19,
	author    = {Yang P. Liu and
		Sushant Sachdeva and
		Zejun Yu},
	title     = {Short Cycles via Low-Diameter Decompositions},
	booktitle = {{SODA}},
	pages     = {2602--2615},
	year      = {2019}
}

@inproceedings{ChuGPSSW18,
	author    = {Timothy Chu and
		Yu Gao and
		Richard Peng and
		Sushant Sachdeva and
		Saurabh Sawlani and
		Junxing Wang},
	title     = {Graph Sparsification, Spectral Sketches, and Faster Resistance Computation,
		via Short Cycle Decompositions},
	booktitle = {FOCS},
	pages     = {361--372},
	year      = {2018},
	url       = {https://doi.org/10.1109/FOCS.2018.00042},
	doi       = {10.1109/FOCS.2018.00042},
	timestamp = {Sun, 23 Dec 2018 08:29:07 +0100},
	biburl    = {https://dblp.org/rec/bib/conf/focs/ChuGPSSW18},
	bibsource = {dblp computer science bibliography, https://dblp.org}
}

@inproceedings{FeigenbaumKMSZ05,
	author    = {Joan Feigenbaum and
		Sampath Kannan and
		Andrew McGregor and
		Siddharth Suri and
		Jian Zhang},
	title     = {Graph distances in the streaming model: the value of space},
	booktitle = {SODA},
	pages     = {745--754},
	year      = {2005},
	url       = {http://dl.acm.org/citation.cfm?id=1070432.1070537},
	timestamp = {Mon, 26 Sep 2016 20:27:22 +0200},
	biburl    = {https://dblp.org/rec/bib/conf/soda/FeigenbaumKMSZ05},
	bibsource = {dblp computer science bibliography, https://dblp.org}
}

@inproceedings{AbboudBP17,
	author    = {Amir Abboud and
		Greg Bodwin and
		Seth Pettie},
	title     = {A Hierarchy of Lower Bounds for Sublinear Additive Spanners},
	booktitle = {SODA},
	pages     = {568--576},
	year      = {2017},
}

@inproceedings{Knudsen17,
	author    = {Mathias B{\ae}k Tejs Knudsen},
	title     = {Additive Spanners and Distance Oracles in Quadratic Time},
	booktitle = {ICALP},
	pages     = {64:1--64:12},
	year      = {2017},
	url       = {https://doi.org/10.4230/LIPIcs.ICALP.2017.64},
	doi       = {10.4230/LIPIcs.ICALP.2017.64},
	timestamp = {Thu, 23 Aug 2018 15:56:43 +0200},
	biburl    = {https://dblp.org/rec/bib/conf/icalp/Knudsen17},
	bibsource = {dblp computer science bibliography, https://dblp.org}
}

@inproceedings{Woodruff10,
	author    = {David P. Woodruff},
	title     = {Additive Spanners in Nearly Quadratic Time},
	booktitle = {ICALP},
	pages     = {463--474},
	year      = {2010},
	url       = {https://doi.org/10.1007/978-3-642-14165-2\_40},
	doi       = {10.1007/978-3-642-14165-2\_40},
	timestamp = {Wed, 14 Nov 2018 11:00:14 +0100},
	biburl    = {https://dblp.org/rec/bib/conf/icalp/Woodruff10},
	bibsource = {dblp computer science bibliography, https://dblp.org}
}

@inproceedings{ThorupZ06,
	author    = {Mikkel Thorup and
		Uri Zwick},
	title     = {Spanners and emulators with sublinear distance errors},
	booktitle = {SODA},
	pages     = {802--809},
	year      = {2006},
	url       = {http://dl.acm.org/citation.cfm?id=1109557.1109645},
	timestamp = {Fri, 07 Dec 2012 17:02:09 +0100},
	biburl    = {https://dblp.org/rec/bib/conf/soda/ThorupZ06},
	bibsource = {dblp computer science bibliography, https://dblp.org}
}

@inproceedings{ElkinS13,
	author    = {Michael Elkin and
		Shay Solomon},
	title     = {Fast Constructions of Light-Weight Spanners for General Graphs},
	booktitle = {SODA},
	pages     = {513--525},
	year      = {2013},
	url       = {https://doi.org/10.1137/1.9781611973105.37},
	doi       = {10.1137/1.9781611973105.37},
	timestamp = {Wed, 24 May 2017 08:31:20 +0200},
	biburl    = {https://dblp.org/rec/bib/conf/soda/ElkinS13},
	bibsource = {dblp computer science bibliography, https://dblp.org}
}

@inproceedings{ElkinP01,
	author    = {Michael Elkin and
		David Peleg},
	title     = {$(1+\epsilon, \beta)$-spanner constructions for general graphs},
	booktitle = {STOC},
	pages     = {173--182},
	year      = {2001},
	url       = {https://doi.org/10.1145/380752.380797},
	doi       = {10.1145/380752.380797},
	timestamp = {Tue, 06 Nov 2018 11:07:04 +0100},
	biburl    = {https://dblp.org/rec/bib/conf/stoc/ElkinP01},
	bibsource = {dblp computer science bibliography, https://dblp.org}
}

@article{PelegS89,
	author    = {David Peleg and
		Alejandro A. Sch{\"{a}}ffer},
	title     = {Graph spanners},
	journal   = {Journal of Graph Theory},
	volume    = {13},
	number    = {1},
	pages     = {99--116},
	year      = {1989},
	url       = {https://doi.org/10.1002/jgt.3190130114},
	doi       = {10.1002/jgt.3190130114},
	timestamp = {Thu, 18 May 2017 09:51:19 +0200},
	biburl    = {https://dblp.org/rec/bib/journals/jgt/PelegS89},
	bibsource = {dblp computer science bibliography, https://dblp.org}
}

@inproceedings{BernsteinFH19,
	author    = {Aaron Bernstein and
		Sebastian Forster and
		Monika Henzinger},
	title     = {A Deamortization Approach for Dynamic Spanner and Dynamic Maximal
		Matching},
	booktitle = {SODA},
	pages     = {1899--1918},
	year      = {2019},
}

@inproceedings{BodwinK16,
	author    = {Greg Bodwin and
		Sebastian Krinninger},
	title     = {Fully Dynamic Spanners with Worst-Case Update Time},
	booktitle = {ESA},
	pages     = {17:1--17:18},
	year      = {2016},
	url       = {https://doi.org/10.4230/LIPIcs.ESA.2016.17},
	doi       = {10.4230/LIPIcs.ESA.2016.17},
	timestamp = {Thu, 23 Aug 2018 15:56:06 +0200},
	biburl    = {https://dblp.org/rec/bib/conf/esa/BodwinK16},
	bibsource = {dblp computer science bibliography, https://dblp.org}
}

@article{BaswanaKS12,
	author    = {Surender Baswana and
		Sumeet Khurana and
		Soumojit Sarkar},
	title     = {Fully dynamic randomized algorithms for graph spanners},
	journal   = {{ACM} Trans. Algorithms},
	volume    = {8},
	number    = {4},
	pages     = {35:1--35:51},
	year      = {2012},
	url       = {https://doi.org/10.1145/2344422.2344425},
	doi       = {10.1145/2344422.2344425},
	timestamp = {Tue, 06 Nov 2018 12:51:21 +0100},
	biburl    = {https://dblp.org/rec/bib/journals/talg/BaswanaKS12},
	bibsource = {dblp computer science bibliography, https://dblp.org},
	note = {Announced at SODA'08}
}

@article{AusielloFI06,
	author    = {Giorgio Ausiello and
		Paolo Giulio Franciosa and
		Giuseppe F. Italiano},
	title     = {Small Stretch Spanners on Dynamic Graphs},
	journal   = {J. Graph Algorithms Appl.},
	volume    = {10},
	number    = {2},
	pages     = {365--385},
	year      = {2006},
	url       = {http://jgaa.info/accepted/2006/AusielloFranciosaItaliano2006.10.2.pdf},
	timestamp = {Mon, 24 Nov 2008 15:53:33 +0100},
	biburl    = {https://dblp.org/rec/bib/journals/jgaa/AusielloFI06},
	bibsource = {dblp computer science bibliography, https://dblp.org},
	note = {Announced at ESA'05}
}

@article{Elkin11,
	author    = {Michael Elkin},
	title     = {Streaming and fully dynamic centralized algorithms for constructing
		and maintaining sparse spanners},
	journal   = {{ACM} Trans. Algorithms},
	volume    = {7},
	number    = {2},
	pages     = {20:1--20:17},
	year      = {2011},
	url       = {https://doi.org/10.1145/1921659.1921666},
	doi       = {10.1145/1921659.1921666},
	timestamp = {Tue, 06 Nov 2018 12:51:20 +0100},
	biburl    = {https://dblp.org/rec/bib/journals/talg/Elkin11},
	bibsource = {dblp computer science bibliography, https://dblp.org},
	note = {Announced at ICALP'07}
}

@article{JerrumS89,
	author    = {Mark Jerrum and
		Alistair Sinclair},
	title     = {Approximating the Permanent},
	journal   = {{SIAM} J. Comput.},
	volume    = {18},
	number    = {6},
	pages     = {1149--1178},
	year      = {1989}
}

@article{EppsteinGIN97,
	author    = {David Eppstein and
		Zvi Galil and
		Giuseppe F. Italiano and
		Amnon Nissenzweig},
	title     = {Sparsification - a technique for speeding up dynamic graph algorithms},
	journal   = {J. {ACM}},
	volume    = {44},
	number    = {5},
	pages     = {669--696},
	year      = {1997}
}

@inproceedings{GhaffariL18,
	author    = {Mohsen Ghaffari and
		Jason Li},
	title     = {New Distributed Algorithms in Almost Mixing Time via Transformations
		from Parallel Algorithms},
	booktitle = {{DISC}},
	series    = {LIPIcs},
	volume    = {121},
	pages     = {31:1--31:16},
	tttpublisher = {Schloss Dagstuhl - Leibniz-Zentrum fuer Informatik},
	year      = {2018}
}

@article{GabberG81,
	author    = {Ofer Gabber and
		Zvi Galil},
	title     = {Explicit Constructions of Linear-Sized Superconcentrators},
	journal   = {J. Comput. Syst. Sci.},
	volume    = {22},
	number    = {3},
	pages     = {407--420},
	year      = {1981},
	note      = {announced at FOCS'79}
}

@inproceedings{SaranurakW19,
	author    = {Thatchaphol Saranurak and
		Di Wang},
	title     = {Expander Decomposition and Pruning: Faster, Stronger, and Simpler},
	booktitle = {{SODA}},
	pages     = {2616--2635},
	year      = {2019}
}

@inproceedings{NanongkaiSW17,
	author    = {Danupon Nanongkai and
		Thatchaphol Saranurak and
		Christian Wulff{-}Nilsen},
	title     = {Dynamic Minimum Spanning Forest with Subpolynomial Worst-Case Update
		Time},
	booktitle = focs17,
	pages     = {950--961},
	year      = {2017}
}





@inproceedings{podc/DinitzK11,
	author    = {Michael Dinitz and
		Robert Krauthgamer},
	title     = {Fault-tolerant spanners: better and simpler},
	booktitle = {Proceedings of the 30th Annual {ACM} Symposium on Principles of Distributed
		Computing, {PODC}},
	pages     = {169--178},
	tttpublisher = {{ACM}},
	year      = {2011},
}






@inproceedings{soda/BodwinDPW18,
	author    = {Greg Bodwin and
		Michael Dinitz and
		Merav Parter and
		Virginia Vassilevska Williams},
	title     = {Optimal Vertex Fault Tolerant Spanners (for fixed stretch)},
	booktitle = {Proceedings of the Twenty-Ninth Annual {ACM-SIAM} Symposium on Discrete
		Algorithms, {SODA}},
	pages     = {1884--1900},
	tttpublisher = {{SIAM}},
	year      = {2018},
}


@article{talg/ElkinN19,
	author    = {Michael Elkin and
		Ofer Neiman},
	title     = {Efficient Algorithms for Constructing Very Sparse Spanners and Emulators},
	journal   = {{ACM} Trans. Algorithms},
	volume    = {15},
	number    = {1},
	pages     = {4:1--4:29},
	year      = {2019},
}

@inproceedings{esa/BodwinK16,
	author    = {Greg Bodwin and
		Sebastian Krinninger},
	editor    = {Piotr Sankowski and
		Christos D. Zaroliagis},
	title     = {Fully Dynamic Spanners with Worst-Case Update Time},
	booktitle = {24th Annual European Symposium on Algorithms, {ESA} 2016, August 22-24,
		2016, Aarhus, Denmark},
	series    = {LIPIcs},
	volume    = {57},
	pages     = {17:1--17:18},
	tttpublisher = {Schloss Dagstuhl - Leibniz-Zentrum f{\"{u}}r Informatik},
	year      = {2016},
	url       = {https://doi.org/10.4230/LIPIcs.ESA.2016.17},
	doi       = {10.4230/LIPIcs.ESA.2016.17}
}

@inproceedings{soda/BadanidiyuruV14,
	author    = {Ashwinkumar Badanidiyuru and
		Jan Vondr{\'{a}}k},
	editor    = {Chandra Chekuri},
	title     = {Fast algorithms for maximizing submodular functions},
	booktitle = {Proceedings of the Twenty-Fifth Annual {ACM-SIAM} Symposium on Discrete
		Algorithms, {SODA} 2014, Portland, Oregon, USA, January 5-7, 2014},
	pages     = {1497--1514},
	tttpublisher = {{SIAM}},
	year      = {2014},
	url       = {https://doi.org/10.1137/1.9781611973402.110},
	doi       = {10.1137/1.9781611973402.110},
}

@article{dcg/Althofer93,
	author    = {Ingo Alth{\"{o}}fer and
		Gautam Das and
		David P. Dobkin and
		Deborah Joseph and
		Jos{\'{e}} Soares},
	title     = {On Sparse Spanners of Weighted Graphs},
	journal   = {Discret. Comput. Geom.},
	volume    = {9},
	pages     = {81--100},
	year      = {1993},
	url       = {https://doi.org/10.1007/BF02189308},
	doi       = {10.1007/BF02189308},
	timestamp = {Thu, 12 Mar 2020 17:20:51 +0100},
	biburl    = {https://dblp.org/rec/journals/dcg/AlthoferDDJS93.bib},
	bibsource = {dblp computer science bibliography, https://dblp.org}
}

@article{roditty2008improved,
	title={Improved dynamic reachability algorithms for directed graphs},
	author={Roditty, Liam and Zwick, Uri},
	journal={SIAM Journal on Computing},
	volume={37},
	number={5},
	pages={1455--1471},
	year={2008},
	tttpublisher={SIAM}
}

@inproceedings{henzinger2014decremental,
	title={Decremental single-source shortest paths on undirected graphs in near-linear total update time},
	author={Henzinger, Monika and Krinninger, Sebastian and Nanongkai, Danupon},
	booktitle=focs14,
	pages={146--155},
	year={2014},
	tttorganization={IEEE}
}

@inproceedings{bernstein2019decremental,
	title={Decremental strongly-connected components and single-source reachability in near-linear time},
	author={Bernstein, Aaron and Probst, Maximilian and Wulff-Nilsen, Christian},
	booktitle=stoc19,
	pages={365--376},
	year={2019}
}

@inproceedings{baswana2016dynamic,
	title={Dynamic {DFS} in undirected graphs: {B}reaking the ${O}(m)$ barrier},
	author={Baswana, Surender and Chaudhury, Shreejit Ray and Choudhary, Keerti and Khan, Shahbaz},
	booktitle=soda16,
	pages={730--739},
	year={2016},
	tttorganization={SIAM}
}

@inproceedings{chuzhoy2020deterministic,
	title={A deterministic algorithm for balanced cut with applications to dynamic connectivity, flows, and beyond},
	author={Chuzhoy, Julia and Gao, Yu and Li, Jason and Nanongkai, Danupon and Peng, Richard and Saranurak, Thatchaphol},
	booktitle=focs20,
	pages={1158--1167},
	year={2020},
	tttorganization={IEEE}
}



@article{sankowski2010fast,
	title={Fast dynamic transitive closure with lookahead},
	author={Sankowski, Piotr and Mucha, Marcin},
	journal={Algorithmica},
	volume={56},
	number={2},
	pages={180--197},
	year={2010},
	tttpublisher={Springer}
}




@inproceedings{abraham2016fully,
	title={On fully dynamic graph sparsifiers},
	author={Abraham, Ittai and Durfee, David and Koutis, Ioannis and Krinninger, Sebastian and Peng, Richard},
	booktitle=FOCS16,
	pages={335--344},
	year={2016},
	tttorganization={IEEE}
}

@inproceedings{forster2019dynamic,
	title={Dynamic low-stretch trees via dynamic low-diameter decompositions},
	author={Forster, Sebastian and Goranci, Gramoz},
	booktitle=stoc19,
	pages={377--388},
	year={2019}
}

@article{spielman2011spectral,
	title={Spectral sparsification of graphs},
	author={Spielman, Daniel A and Teng, Shang-Hua},
	journal={SIAM Journal on Computing},
	volume={40},
	number={4},
	pages={981--1025},
	year={2011},
	tttpublisher={SIAM}
}

@inproceedings{goranci2021expander,
	title={The expander hierarchy and its applications to dynamic graph algorithms},
	author={Goranci, Gramoz and R{\"a}cke, Harald and Saranurak, Thatchaphol and Tan, Zihan},
	booktitle={Proceedings of the 2021 ACM-SIAM Symposium on Discrete Algorithms (SODA)},
	pages={2212--2228},
	year={2021},
	tttorganization={SIAM}
}

@article{BalcerV19,
	author    = {Victor Balcer and
		Salil P. Vadhan},
	title     = {Differential Privacy on Finite Computers},
	journal   = {J. Priv. Confidentiality},
	volume    = {9},
	number    = {2},
	year      = {2019},
	url       = {https://doi.org/10.29012/jpc.679},
	doi       = {10.29012/jpc.679},
	timestamp = {Wed, 12 May 2021 17:24:22 +0200},
	biburl    = {https://dblp.org/rec/journals/jpc/BalcerV19.bib},
	bibsource = {dblp computer science bibliography, https://dblp.org}
}


@inproceedings{fish2020sampling,
	title={Sampling Without Compromising Accuracy in Adaptive Data Analysis},
	author={Fish, Benjamin and Reyzin, Lev and Rubinstein, Benjamin IP},
	booktitle={Algorithmic Learning Theory},
	pages={297--318},
	year={2020},
	tttorganization={PMLR}
}

@inproceedings{Bun2015differentially,
	title={Differentially private release and learning of threshold functions},
	author={Bun, Mark and Nissim, Kobbi and Stemmer, Uri and Vadhan, Salil},
	booktitle= focs15,
	pages={634--649},
	year={2015},
	tttorganization={IEEE}
}

@inproceedings{DworkRV10,
	author    = {Cynthia Dwork and
		Guy N. Rothblum and
		Salil P. Vadhan},
	title     = {Boosting and Differential Privacy},
	booktitle = focs10,
	pages     = {51--60},
	year      = {2010},
	url       = {https://doi.org/10.1109/FOCS.2010.12},
	doi       = {10.1109/FOCS.2010.12},
	timestamp = {Wed, 16 Oct 2019 14:14:54 +0200},
	biburl    = {https://dblp.org/rec/conf/focs/DworkRV10.bib},
	bibsource = {dblp computer science bibliography, https://dblp.org}
}


@inproceedings{HassidimKMMS20,
	author    = {Avinatan Hassidim and
		Haim Kaplan and
		Yishay Mansour and
		Yossi Matias and
		Uri Stemmer},
	title     = {Adversarially Robust Streaming Algorithms via Differential Privacy},
	booktitle = {Advances in Neural Information Processing Systems 33: Annual Conference
		on Neural Information Processing Systems 2020},
	year      = {2020},
	url       = {https://proceedings.neurips.cc/paper/2020/hash/0172d289da48c48de8c5ebf3de9f7ee1-Abstract.html},
	timestamp = {Tue, 19 Jan 2021 15:57:44 +0100},
	biburl    = {https://dblp.org/rec/conf/nips/HassidimKMMS20.bib},
	bibsource = {dblp computer science bibliography, https://dblp.org}
}

@inproceedings{forsterGH21,
	title={Dynamic maintenance of low-stretch probabilistic tree embeddings with applications},
	author={Forster, Sebastian and Goranci, Gramoz and Henzinger, Monika},
	booktitle=soda21,
	pages={1226--1245},
	year={2021},
	tttorganization={SIAM}
}

@inproceedings{durfee2019fully,
	title={Fully dynamic spectral vertex sparsifiers and applications},
	author={Durfee, David and Gao, Yu and Goranci, Gramoz and Peng, Richard},
	booktitle=stoc19,
	pages={914--925},
	year={2019}
}


@article{thorup2007fully,
	title={Fully-dynamic min-cut},
	author={Thorup, Mikkel},
	journal={Combinatorica},
	volume={27},
	number={1},
	pages={91--127},
	year={2007},
	tttpublisher={Springer}
}

@inproceedings{BellareR93,
	author    = {Mihir Bellare and
		Phillip Rogaway},
	ttteditor    = {Dorothy E. Denning and
		Raymond Pyle and
		Ravi Ganesan and
		Ravi S. Sandhu and
		Victoria Ashby},
	title     = {Random Oracles are Practical: {A} Paradigm for Designing Efficient
		Protocols},
	booktitle = ccs93, 
	pages     = {62--73},
	tttpublisher = {{ACM}},
	year      = {1993},
}

@inproceedings{CanettiGH98,
	author    = {Ran Canetti and
		Oded Goldreich and
		Shai Halevi},
	ttteditor    = {Jeffrey Scott Vitter},
	title     = {The Random Oracle Methodology, Revisited},
	booktitle = stoc98,
	pages     = {209--218},
	tttpublisher = {{ACM}},
	year      = {1998},
}

@inproceedings{HardtU14,
	author    = {Moritz Hardt and
		Jonathan R. Ullman},
	title     = {Preventing False Discovery in Interactive Data Analysis Is Hard},
	booktitle = focs14,
	pages     = {454--463},
	tttpublisher = {{IEEE} Computer Society},
	year      = {2014}
}

@inproceedings{SteinkeU15,
	author    = {Thomas Steinke and
		Jonathan R. Ullman},
	title     = {Interactive Fingerprinting Codes and the Hardness of Preventing False
		Discovery},
	booktitle = colt15,
	series    = {{JMLR} Workshop and Conference Proceedings},
	volume    = {40},
	pages     = {1588--1628},
	tttpublisher = {JMLR.org},
	year      = {2015}
}

@misc{Satoshi,
	title = {Bitcoin: A Peer-to-Peer Electronic Cash System},
	author = {Satoshi Nakamoto},
	howtttpublished= {\url{https://bitcoin.org/bitcoin.pdf}},
	year = {2014},
}

@article{ACSS21,
	author    = {Idan Attias and
		Edith Cohen and
		Moshe Shechner and
		Uri Stemmer},
	title     = {A Framework for Adversarial Streaming via Differential Privacy and
		Difference Estimators},
	journal   = {CoRR},
	volume    = {abs/2107.14527},
	year      = {2021}
}

25, 6

@inproceedings{McSherryT07,
	author    = {Frank McSherry and
		Kunal Talwar},
	title     = {Mechanism Design via Differential Privacy},
	booktitle = focs07,
	pages     = {94--103},
	tttpublisher = {{IEEE} Computer Society},
	year      = {2007}
}

@article{bassily2021algorithmic,
	title={Algorithmic stability for adaptive data analysis},
	author={Bassily, Raef and Nissim, Kobbi and Smith, Adam and Steinke, Thomas and Stemmer, Uri and Ullman, Jonathan},
	journal={SIAM Journal on Computing},
	volume    = {50},
	number    = {3},
	year      = {2021},
	tttpublisher={SIAM}
}

@article{NissimS19,
	author    = {Kobbi Nissim and Uri Stemmer},
	title     = {Concentration Bounds for High Sensitivity Functions Through Differential
		Privacy},
	journal   = {J. Priv. Confidentiality},
	volume    = {9},
	number    = {1},
	year      = {2019}
}


@article{BeEO21,
	author    = {Omri Ben{-}Eliezer and
		Talya Eden and
		Krzysztof Onak},
	title     = {Adversarially Robust Streaming via Dense-Sparse Trade-offs},
	journal   = {CoRR},
	volume    = {abs/2109.03785},
	year      = {2021}
}


@article{KellarisKNO17,
	author    = {Georgios Kellaris and
		George Kollios and
		Kobbi Nissim and
		Adam O'Neill},
	title     = {Accessing Data while Preserving Privacy},
	journal   = {CoRR},
	volume    = {abs/1706.01552},
	year      = {2017}
}

@inproceedings{BeimelHMO18,
	author    = {Amos Beimel and
		Iftach Haitner and
		Nikolaos Makriyannis and
		Eran Omri},
	title     = {Tighter Bounds on Multi-Party Coin Flipping via Augmented Weak Martingales
		and Differentially Private Sampling},
	booktitle = focs18,
	pages     = {838--849},
	tttpublisher = {{IEEE} Computer Society},
	year      = {2018}
}

@inproceedings{KaplanMNS21,
	author    = {Haim Kaplan and
		Yishay Mansour and
		Kobbi Nissim and
		Uri Stemmer},
	title     = {Separating Adaptive Streaming from Oblivious Streaming Using the Bounded
		Storage Model},
	booktitle = crypto21,
	series    = {Lecture Notes in Computer Science},
	volume    = {12827},
	pages     = {94--121},
	tttpublisher = {Springer},
	year      = {2021}
}


@inproceedings{KaplanLMNS20,
	author    = {Haim Kaplan and
		Katrina Ligett and
		Yishay Mansour and
		Moni Naor and
		Uri Stemmer},
	title     = {Privately Learning Thresholds: Closing the Exponential Gap},
	booktitle = colt20,
	series    = {Proceedings of Machine Learning Research},
	volume    = {125},
	pages     = {2263--2285},
	tttpublisher = {{PMLR}},
	year      = {2020}
}
@inproceedings{BunNSV15,
	author    = {Mark Bun and
		Kobbi Nissim and
		Uri Stemmer and
		Salil P. Vadhan},
	title     = {Differentially Private Release and Learning of Threshold Functions},
	booktitle = {{FOCS}},
	pages     = {634--649},
	tttpublisher = {{IEEE} Computer Society},
	year      = {2015}
}
@article{BeimelNS16,
	author    = {Amos Beimel and
		Kobbi Nissim and
		Uri Stemmer},
	title     = {Private Learning and Sanitization: Pure vs. Approximate Differential
		Privacy},
	journal   = {Theory Comput.},
	volume    = {12},
	number    = {1},
	pages     = {1--61},
	year      = {2016}
}

@inproceedings{chakrabarti2022adversarially,
	author    = {Amit Chakrabarti and
		Prantar Ghosh and
		Manuel Stoeckl},
	ttteditor    = {Mark Braverman},
	title     = {Adversarially Robust Coloring for Graph Streams},
	booktitle = itcs22,
	series    = {LIPIcs},
	volume    = {215},
	pages     = {37:1--37:23},
	tttpublisher = {Schloss Dagstuhl - Leibniz-Zentrum f{\"{u}}r Informatik},
	year      = {2022},
}

@inproceedings{thorup2000dynamic,
	title={Dynamic graph algorithms with applications},
	author={Thorup, Mikkel and Karger, David R},
	booktitle={Scandinavian Workshop on Algorithm Theory},
	pages={1--9},
	year={2000},
	organization={Springer}
}

@inproceedings{biedl99cient,
	title={Efficient algorithms for Petersen's matching theorem},
	author={Biedl, Therese C and Bosey, Prosenjit and Demainez, Erik D and Lubiwz, Anna},
	booktitle={Proceedings of the tenth annual ACM-SIAM symposium on Discrete algorithms, SODA},
	volume={99},
	pages={130},
	organization={Citeseer}
}



@article{musco2017spectrum,
	title={Spectrum approximation beyond fast matrix multiplication: Algorithms and hardness},
	author={Musco, Cameron and Netrapalli, Praneeth and Sidford, Aaron and Ubaru, Shashanka and Woodruff, David P},
	journal={arXiv preprint arXiv:1704.04163},
	year={2017}
}

@article{ben1994power,
	title={On the power of randomization in on-line algorithms},
	author={Ben-David, Shai and Borodin, Allan and Karp, Richard and Tardos, Gabor and Wigderson, Avi},
	journal={Algorithmica},
	volume={11},
	pages={2--14},
	year={1994},
	publisher={Springer}
}

@inproceedings{stoeckl2023streaming,
	title={Streaming algorithms for the missing item finding problem},
	author={Stoeckl, Manuel},
	booktitle={Proceedings of the 2023 Annual ACM-SIAM Symposium on Discrete Algorithms (SODA)},
	pages={793--818},
	year={2023},
	organization={SIAM}
}

@article{assadi2022coloring,
	title={Coloring in graph streams via deterministic and adversarially robust algorithms},
	author={Assadi, Sepehr and Chakrabarti, Amit and Ghosh, Prantar and Stoeckl, Manuel},
	journal={arXiv preprint arXiv:2212.10641},
	year={2022}
}

@article{chakrabarti2021adversarially,
	title={Adversarially robust coloring for graph streams},
	author={Chakrabarti, Amit and Ghosh, Prantar and Stoeckl, Manuel},
	journal={arXiv preprint arXiv:2109.11130},
	year={2021}
}

@inproceedings{assadi2022deterministic,
	title={Deterministic graph coloring in the streaming model},
	author={Assadi, Sepehr and Chen, Andrew and Sun, Glenn},
	booktitle={Proceedings of the 54th Annual ACM SIGACT Symposium on Theory of Computing},
	pages={261--274},
	year={2022}
}

@inproceedings{diakonikolas2023strongly,
	title={A strongly polynomial algorithm for approximate forster transforms and its application to halfspace learning},
	author={Diakonikolas, Ilias and Tzamos, Christos and Kane, Daniel M},
	booktitle={Proceedings of the 55th Annual ACM Symposium on Theory of Computing},
	pages={1741--1754},
	year={2023}
}

@inproceedings{gabow1999unique,
	title={Unique maximum matching algorithms},
	author={Gabow, Harold N and Kaplan, Haim and Tarjan, Robert E},
	booktitle={Proceedings of the thirty-first annual ACM symposium on Theory of Computing},
	pages={70--78},
	year={1999}
}