@inproceedings{luby1993parallel,
  title={A parallel approximation algorithm for positive linear programming},
  author={Luby, Michael and Nisan, Noam},
  booktitle={Proceedings of the twenty-fifth annual ACM symposium on Theory of computing},
  pages={448--457},
  year={1993}
}

@article{trevisan1998parallel,
  title={Parallel approximation algorithms by positive linear programming},
  author={Trevisan, Luca},
  journal={Algorithmica},
  volume={21},
  number={1},
  pages={72--88},
  year={1998},
  publisher={Springer}
}

@article{plotkin1995fast,
  title={Fast approximation algorithms for fractional packing and covering problems},
  author={Plotkin, Serge A and Shmoys, David B and Tardos, {\'E}va},
  journal={Mathematics of Operations Research},
  volume={20},
  number={2},
  pages={257--301},
  year={1995},
  publisher={INFORMS}
}

@inproceedings{quanrud2020nearly,
  title={Nearly linear time approximations for mixed packing and covering problems without data structures or randomization},
  author={Quanrud, Kent},
  booktitle={Symposium on Simplicity in Algorithms},
  pages={69--80},
  year={2020},
  organization={SIAM}
}

@inproceedings{wang2016unified,
  title={Unified Acceleration Method for Packing and Covering Problems via Diameter Reduction},
  author={Wang, Di and Rao, Satish and Mahoney, Michael W},
  booktitle={43rd International Colloquium on Automata, Languages, and Programming (ICALP 2016)},
  year={2016},
  organization={Schloss Dagstuhl-Leibniz-Zentrum fuer Informatik}
}

@article{allen2019nearly,
  title={Nearly linear-time packing and covering lp solvers: Achieving width-independence and-convergence},
  author={Allen-Zhu, Zeyuan and Orecchia, Lorenzo},
  journal={Mathematical Programming},
  volume={175},
  pages={307--353},
  year={2019},
  publisher={Springer}
}

@inproceedings{allen2015nearly,
  title={Nearly-linear time positive LP solver with faster convergence rate},
  author={Allen-Zhu, Zeyuan and Orecchia, Lorenzo},
  booktitle={Proceedings of the forty-seventh annual ACM symposium on Theory of Computing},
  pages={229--236},
  year={2015}
}

@inproceedings{orecchia2012approximating,
  title={Approximating the exponential, the Lanczos method and an O (m)-time spectral algorithm for balanced separator},
  author={Orecchia, Lorenzo and Sachdeva, Sushant and Vishnoi, Nisheeth K},
  booktitle={Proceedings of the forty-fourth annual ACM symposium on Theory of computing},
  pages={1141--1160},
  year={2012}
}

@article{iyengar2011approximating,
  title={Approximating semidefinite packing programs},
  author={Iyengar, Garud and Phillips, David J and Stein, Clifford},
  journal={SIAM Journal on Optimization},
  volume={21},
  number={1},
  pages={231--268},
  year={2011},
  publisher={SIAM}
}

@inproceedings{iyengar2010feasible,
  title={Feasible and accurate algorithms for covering semidefinite programs},
  author={Iyengar, Garud and Phillips, David J and Stein, Cliff},
  booktitle={Scandinavian Workshop on Algorithm Theory},
  pages={150--162},
  year={2010},
  organization={Springer}
}
@inproceedings{klein1996efficient,
  title={Efficient approximation algorithms for semidefinite programs arising from MAX CUT and COLORING},
  author={Klein, Philip and Lu, Hsueh-I},
  booktitle={Proceedings of the twenty-eighth annual ACM symposium on Theory of computing},
  pages={338--347},
  year={1996}
}

@inproceedings{trevisan2009max,
  title={Max cut and the smallest eigenvalue},
  author={Trevisan, Luca},
  booktitle={Proceedings of the forty-first annual ACM symposium on Theory of computing},
  pages={263--272},
  year={2009}
}

@inproceedings{lee2017sdp,
  title={An sdp-based algorithm for linear-sized spectral sparsification},
  author={Lee, Yin Tat and Sun, He},
  booktitle={Proceedings of the 49th annual acm sigact symposium on theory of computing},
  pages={678--687},
  year={2017}
}

@inproceedings{allen2016using,
  title={Using optimization to obtain a width-independent, parallel, simpler, and faster positive SDP solver},
  author={Allen-Zhu, Zeyuan and Lee, Yin Tat and Orecchia, Lorenzo},
  booktitle={Proceedings of the twenty-seventh annual ACM-SIAM symposium on Discrete algorithms},
  pages={1824--1831},
  year={2016},
  organization={SIAM}
}

@misc{jambulapati2021positive,
      title={Positive Semidefinite Programming: Mixed, Parallel, and Width-Independent}, 
      author={Arun Jambulapati and Yin Tat Lee and Jerry Li and Swati Padmanabhan and Kevin Tian},
      year={2021},
      eprint={2002.04830},
      archivePrefix={arXiv},
      primaryClass={cs.DS}
}

@inproceedings{sankowski2004dynamic,
  title={Dynamic transitive closure via dynamic matrix inverse},
  author={Sankowski, Piotr},
  booktitle={45th Annual IEEE Symposium on Foundations of Computer Science},
  pages={509--517},
  year={2004},
  organization={IEEE}
}

@inproceedings{achlioptas2001fast,
author = {Achlioptas, Dimitris and McSherry, Frank},
title = {Fast Computation of Low Rank Matrix Approximations},
year = {2001},
isbn = {1581133499},
publisher = {Association for Computing Machinery},
address = {New York, NY, USA},
url = {https://doi.org/10.1145/380752.380858},
doi = {10.1145/380752.380858},
booktitle = {Proceedings of the Thirty-Third Annual ACM Symposium on Theory of Computing},
pages = {611â€“618},
numpages = {8},
location = {Hersonissos, Greece},
series = {STOC '01}
}



@article{golub1973some,
  title={Some modified matrix eigenvalue problems},
  author={Golub, Gene H},
  journal={SIAM review},
  volume={15},
  number={2},
  pages={318--334},
  year={1973},
  publisher={SIAM}
}


@book{trefethen2022numerical,
  title={Numerical linear algebra},
  author={Trefethen, Lloyd N and Bau, David},
  volume={181},
  year={2022},
  publisher={Siam}
}

@article{mouzakis2022spectral,
  title={Spectral guarantees for adversarial streaming PCA},
  author={Mouzakis, Nikos and Price, Eric},
  year={2022}
}

@inproceedings{liu2010sketch,
  title={Sketch-based streaming PCA algorithm for network-wide traffic anomaly detection},
  author={Liu, Yang and Zhang, Linfeng and Guan, Yong},
  booktitle={2010 IEEE 30th International Conference on Distributed Computing Systems},
  pages={807--816},
  year={2010},
  organization={IEEE}
}

@inproceedings{boutsidis2016optimal,
  title={Optimal principal component analysis in distributed and streaming models},
  author={Boutsidis, Christos and Woodruff, David P and Zhong, Peilin},
  booktitle={Proceedings of the forty-eighth annual ACM symposium on Theory of Computing},
  pages={236--249},
  year={2016}
}



@inproceedings{swartworth2023optimal,
  title={Optimal Eigenvalue Approximation via Sketching},
  author={Swartworth, William and Woodruff, David P},
  booktitle={Proceedings of the 55th Annual ACM Symposium on Theory of Computing},
  pages={145--155},
  year={2023}
}

@inproceedings{arora2006fast,
  title={A fast random sampling algorithm for sparsifying matrices},
  author={Arora, Sanjeev and Hazan, Elad and Kale, Satyen},
  booktitle={International Workshop on Approximation Algorithms for Combinatorial Optimization},
  pages={272--279},
  year={2006},
  organization={Springer}
}

@article{achlioptas2007fast,
  title={Fast computation of low-rank matrix approximations},
  author={Achlioptas, Dimitris and McSherry, Frank},
  journal={Journal of the ACM (JACM)},
  volume={54},
  number={2},
  pages={9--es},
  year={2007},
  publisher={ACM New York, NY, USA}
}

@article{bhattacharjee2023universal,
  title={Universal Matrix Sparsifiers and Fast Deterministic Algorithms for Linear Algebra},
  author={Bhattacharjee, Rajarshi and Dexter, Gregory and Musco, Cameron and Ray, Archan and Woodruff, David P},
  journal={arXiv preprint arXiv:2305.05826},
  year={2023}
}


@article{vershynin2010introduction,
  title={Introduction to the non-asymptotic analysis of random matrices},
  author={Vershynin, Roman},
  journal={arXiv preprint arXiv:1011.3027},
  year={2010}
}

@inproceedings{bateni2023optimal,
	title={Optimal Fully Dynamic k-Center Clustering for Adaptive and Oblivious Adversaries},
	author={Bateni, MohammadHossein and Esfandiari, Hossein and Fichtenberger, Hendrik and Henzinger, Monika and Jayaram, Rajesh and Mirrokni, Vahab and Wiese, Andreas},
	booktitle={Proceedings of the 2023 Annual ACM-SIAM Symposium on Discrete Algorithms (SODA)},
	pages={2677--2727},
	year={2023},
	organization={SIAM}
}

@article{laurent2000adaptive,
  title={Adaptive estimation of a quadratic functional by model selection},
  author={Laurent, Beatrice and Massart, Pascal},
  journal={Annals of statistics},
  pages={1302--1338},
  year={2000},
  publisher={JSTOR}
}

@inproceedings{bhattacharya2023dynamic,
  title={Dynamic algorithms for packing-covering LPs via multiplicative weight updates},
  author={Bhattacharya, Sayan and Kiss, Peter and Saranurak, Thatchaphol},
  booktitle={Proceedings of the 2023 Annual ACM-SIAM Symposium on Discrete Algorithms (SODA)},
  pages={1--47},
  year={2023},
  organization={SIAM}
}



@inproceedings{jambulapati2020positive,
  title={Positive semidefinite programming: mixed, parallel, and width-independent},
  author={Jambulapati, Arun and Lee, Yin Tat and Li, Jerry and Padmanabhan, Swati and Tian, Kevin},
  booktitle={Proceedings of the 52nd Annual ACM SIGACT Symposium on Theory of Computing},
  pages={789--802},
  year={2020}
}

@inproceedings{peng2012faster,
  title={Faster and simpler width-independent parallel algorithms for positive semidefinite programming},
  author={Peng, Richard and Tangwongsan, Kanat and Zhang, Peng},
  booktitle={Proceedings of the twenty-fourth annual ACM symposium on Parallelism in algorithms and architectures},
  pages={101--108},
  year={2012}
}

@inproceedings{arora2007combinatorial,
  title={A combinatorial, primal-dual approach to semidefinite programs},
  author={Arora, Sanjeev and Kale, Satyen},
  booktitle={Proceedings of the thirty-ninth annual ACM symposium on Theory of computing},
  pages={227--236},
  year={2007}
}

@article{ding2007eigenvalues,
  title={Eigenvalues of rank-one updated matrices with some applications},
  author={Ding, Jiu and Zhou, Aihui},
  journal={Applied Mathematics Letters},
  volume={20},
  number={12},
  pages={1223--1226},
  year={2007},
  publisher={Elsevier}
}

@article{mitz2019symmetric,
  title={Symmetric rank-one updates from partial spectrum with an application to out-of-sample extension},
  author={Mitz, Roy and Sharon, Nir and Shkolnisky, Yoel},
  journal={SIAM Journal on Matrix Analysis and Applications},
  volume={40},
  number={3},
  pages={973--997},
  year={2019},
  publisher={SIAM}
}

@inproceedings{cohen2015uniform,
  title={Uniform sampling for matrix approximation},
  author={Cohen, Michael B and Lee, Yin Tat and Musco, Cameron and Musco, Christopher and Peng, Richard and Sidford, Aaron},
  booktitle={Proceedings of the 2015 Conference on Innovations in Theoretical Computer Science},
  pages={181--190},
  year={2015}
}

@article{arbenz1988restricted,
  title={Restricted rank modification of the symmetric eigenvalue problem: Theoretical considerations},
  author={Arbenz, Peter and Gander, Walter and Golub, Gene H},
  journal={Linear Algebra and its Applications},
  volume={104},
  pages={75--95},
  year={1988},
  publisher={Elsevier}
}
@article{bunch1978rank,
  title={Rank-one modification of the symmetric eigenproblem},
  author={Bunch, James R and Nielsen, Christopher P and Sorensen, Danny C},
  journal={Numerische Mathematik},
  volume={31},
  number={1},
  pages={31--48},
  year={1978},
  publisher={Springer}
}

@inproceedings{stange2008efficient,
  title={On the efficient update of the singular value decomposition},
  author={Stange, Peter},
  booktitle={PAMM: Proceedings in Applied Mathematics and Mechanics},
  volume={8},
  number={1},
  pages={10827--10828},
  year={2008},
  organization={Wiley Online Library}
}


@article{cuppen1980divide,
  title={A divide and conquer method for the symmetric tridiagonal eigenproblem},
  author={Cuppen, Jan JM},
  journal={Numerische Mathematik},
  volume={36},
  pages={177--195},
  year={1980},
  publisher={Springer}
}

@inproceedings{allen2017first,
  title={First efficient convergence for streaming $k$-pca: a global, gap-free, and near-optimal rate},
  author={Allen-Zhu, Zeyuan and Li, Yuanzhi},
  booktitle={2017 IEEE 58th Annual Symposium on Foundations of Computer Science (FOCS)},
  pages={487--492},
  year={2017},
  organization={IEEE}
}

@inproceedings{van2019dynamic,
	title={Dynamic matrix inverse: Improved algorithms and matching conditional lower bounds},
	author={van den Brand, Jan and Nanongkai, Danupon and Saranurak, Thatchaphol},
	booktitle={2019 IEEE 60th Annual Symposium on Foundations of Computer Science (FOCS)},
	pages={456--480},
	year={2019},
	organization={IEEE}
}

@article{banks2022pseudospectral,
	title={Pseudospectral shattering, the sign function, and diagonalization in nearly matrix multiplication time},
	author={Banks, Jess and Garza-Vargas, Jorge and Kulkarni, Archit and Srivastava, Nikhil},
	journal={Foundations of Computational Mathematics},
	pages={1--89},
	year={2022},
	publisher={Springer}
}

@article{yang2018history,
  title={History PCA: A new algorithm for streaming PCA},
  author={Yang, Puyudi and Hsieh, Cho-Jui and Wang, Jane-Ling},
  journal={arXiv preprint arXiv:1802.05447},
  year={2018}
}

@inproceedings{allen2017follow,
  title={Follow the compressed leader: Faster online learning of eigenvectors and faster MMWU},
  author={Allen-Zhu, Zeyuan and Li, Yuanzhi},
  booktitle={International Conference on Machine Learning},
  pages={116--125},
  year={2017},
  organization={PMLR}
}


@article{halko2011finding,
  title={Finding structure with randomness: Probabilistic algorithms for constructing approximate matrix decompositions},
  author={Halko, Nathan and Martinsson, Per-Gunnar and Tropp, Joel A},
  journal={SIAM review},
  volume={53},
  number={2},
  pages={217--288},
  year={2011},
  publisher={SIAM}
}

@article{davies2004updating,
  title={Updating the singular value decomposition},
  author={Davies, Philip I and Smith, Matthew I},
  journal={Journal of computational and applied mathematics},
  volume={170},
  number={1},
  pages={145--167},
  year={2004},
  publisher={Elsevier}
}
@article{ogita2020iterative,
  title={Iterative refinement for singular value decomposition based on matrix multiplication},
  author={Ogita, Takeshi and Aishima, Kensuke},
  journal={Journal of Computational and Applied Mathematics},
  volume={369},
  pages={112512},
  year={2020},
  publisher={Elsevier}
}

