@article{gao2023subgraph,
  title={Subgraph probability of random graphs with specified degrees and applications to chromatic number and connectivity},
  author={Gao, Pu and Ohapkin, Yuval},
  journal={Random Structures \& Algorithms},
  volume={62},
  number={4},
  pages={911--934},
  year={2023},
  publisher={Wiley Online Library}
}

@article {KS17,
    AUTHOR = {Kor\'{a}ndi, D\'{a}niel and Sudakov, Benny},
     TITLE = {Saturation in random graphs},
   JOURNAL = {Random Structures Algorithms},
  FJOURNAL = {Random Structures \& Algorithms},
    VOLUME = {51},
      YEAR = {2017},
    NUMBER = {1},
     PAGES = {169--181},
      ISSN = {1042-9832},
   MRCLASS = {05C80 (05C69 60C05)},
  MRNUMBER = {3668850},
MRREVIEWER = {Hai Yan Chen},
       DOI = {10.1002/rsa.20703},
       URL = {https://doi.org/10.1002/rsa.20703},
}
@article {LR91,
    AUTHOR = {{\L}uczak, Tomasz and Ruci\'nski, Andrzej},
     TITLE = {Tree-matchings in graph processes},
   JOURNAL = {SIAM J. Discrete Math.},
  FJOURNAL = {SIAM Journal on Discrete Mathematics},
    VOLUME = {4},
      YEAR = {1991},
    NUMBER = {1},
     PAGES = {107--120},
      ISSN = {0895-4801},
   MRCLASS = {05C80 (05C70)},
  MRNUMBER = {1090294},
MRREVIEWER = {Olivia\ M.\ Carducci},
       DOI = {10.1137/0404011},
       URL = {https://doi.org/10.1137/0404011},
}
@article {R92,
    AUTHOR = {Ruci\'nski, Andrzej},
     TITLE = {Matching and covering the vertices of a random graph by copies
              of a given graph},
   JOURNAL = {Discrete Math.},
  FJOURNAL = {Discrete Mathematics},
    VOLUME = {105},
      YEAR = {1992},
    NUMBER = {1-3},
     PAGES = {185--197},
      ISSN = {0012-365X,1872-681X},
   MRCLASS = {05C80 (05C70)},
  MRNUMBER = {1180202},
MRREVIEWER = {Alan\ M.\ Frieze},
       DOI = {10.1016/0012-365X(92)90141-2},
       URL = {https://doi.org/10.1016/0012-365X(92)90141-2},
}
@incollection {W99,
    AUTHOR = {Wormald, N. C.},
     TITLE = {Models of random regular graphs},
 BOOKTITLE = {Surveys in {C}ombinatorics, 1999},
    SERIES = {London Math. Soc. Lecture Note Ser.},
    VOLUME = {267},
     PAGES = {239--298},
 PUBLISHER = {Cambridge Univ. Press, Cambridge},
      YEAR = {1999},
      ISBN = {0-521-65376-2},
   MRCLASS = {05C80 (05E30 60C05)},
  MRNUMBER = {1725006},
MRREVIEWER = {Lyuben\ R.\ Mutafchiev},
}
@Article{K85,
 AUTHOR = {Kalai, Gil},
     TITLE = {Hyperconnectivity of graphs},
   JOURNAL = {Graphs Combin.},
  FJOURNAL = {Graphs and Combinatorics},
    VOLUME = {1},
      YEAR = {1985},
    NUMBER = {1},
     PAGES = {65--79},
      ISSN = {0911-0119,1435-5914},
   MRCLASS = {05C40 (05B35)},
  MRNUMBER = {796184},
MRREVIEWER = {G.\ Laman},
       DOI = {10.1007/BF02582930},
       URL = {https://doi.org/10.1007/BF02582930},
}
@incollection{K84,
 AUTHOR = {Kalai, Gil},
     TITLE = {Weakly saturated graphs are rigid},
 BOOKTITLE = {Convexity and graph theory ({J}erusalem, 1981)},
    SERIES = {North-Holland Math. Stud.},
    VOLUME = {87},
     PAGES = {189--190},
 PUBLISHER = {North-Holland, Amsterdam},
      YEAR = {1984},
      ISBN = {0-444-86571-3},
   MRCLASS = {05C10},
  MRNUMBER = {791030},
MRREVIEWER = {Ethan\ D.\ Bolker},
       DOI = {10.1016/S0304-0208(08)72824-X},
       URL = {https://doi.org/10.1016/S0304-0208(08)72824-X},
}
@Article{F82,
 AUTHOR = {Frankl, P.},
     TITLE = {An extremal problem for two families of sets},
   JOURNAL = {European J. Combin.},
  FJOURNAL = {European Journal of Combinatorics},
    VOLUME = {3},
      YEAR = {1982},
    NUMBER = {2},
     PAGES = {125--127},
      ISSN = {0195-6698,1095-9971},
   MRCLASS = {05A05},
  MRNUMBER = {670845},
MRREVIEWER = {G.\ O. H. Katona},
       DOI = {10.1016/S0195-6698(82)80025-5},
       URL = {https://doi.org/10.1016/S0195-6698(82)80025-5},
}
@incollection{L77,
AUTHOR = {Lov\'{a}sz, L.},
     TITLE = {Flats in matroids and geometric graphs},
 BOOKTITLE = {Combinatorial surveys ({P}roc. {S}ixth {B}ritish
              {C}ombinatorial {C}onf., {R}oyal {H}olloway {C}oll., {E}gham,
              1977)},
     PAGES = {45--86},
 PUBLISHER = {Academic Press, London-New York},
      YEAR = {1977},
   MRCLASS = {05B35 (05C99)},
  MRNUMBER = {480111},
MRREVIEWER = {J.\ M. S. Sim\~{o}es-Pereira},
}
@article{K95,
    AUTHOR = {Krivelevich, Michael},
     TITLE = {Bounding {R}amsey numbers through large deviation
              inequalities},
   JOURNAL = {Random Structures Algorithms},
  FJOURNAL = {Random Structures \& Algorithms},
    VOLUME = {7},
      YEAR = {1995},
    NUMBER = {2},
     PAGES = {145--155},
      ISSN = {1042-9832,1098-2418},
   MRCLASS = {05C55 (05C80 60F10)},
  MRNUMBER = {1369060},
MRREVIEWER = {Jerrold\ W.\ Grossman},
       DOI = {10.1002/rsa.3240070204},
       URL = {https://doi.org/10.1002/rsa.3240070204},
}
@article{KS98,
author = {Krivelevich, Michael and Sudakov, Benny},
title = {The chromatic numbers of random hypergraphs},
JOURNAL = {Random Structures Algorithms},
  FJOURNAL = {Random Structures \& Algorithms},
volume = {12},
number = {4},
pages = {381-403},
keywords = {random hypergraphs, chromatic number},
doi = {https://doi.org/10.1002/(SICI)1098-2418(199807)12:4<381::AID-RSA5>3.0.CO;2-P},
url = {https://onlinelibrary.wiley.com/doi/abs/10.1002/%28SICI%291098-2418%28199807%2912%3A4%3C381%3A%3AAID-RSA5%3E3.0.CO%3B2-P},
eprint = {https://onlinelibrary.wiley.com/doi/pdf/10.1002/%28SICI%291098-2418%28199807%2912%3A4%3C381%3A%3AAID-RSA5%3E3.0.CO%3B2-P},
abstract = {Abstract For a pair of integers 1≤γ<r, the γ-chromatic number of an r-uniform hypergraph H=(V, E) is the minimal k, for which there exists a partition of V into subsets T1,…,Tk such that |e∩Ti|≤γ for every e∈E. In this paper we determine the asymptotic behavior of the γ-chromatic number of the random r-uniform hypergraph Hr(n, p) for all possible values of γ and for all values of p down to p=Θ(n−r+1). © 1998 John Wiley \& Sons, Inc. Random Struct. Alg., 12: 381–403, 1998},
year = {1998}
}
@incollection{B68,
 AUTHOR = {Bollob\'{a}s, B\'{e}la},
     TITLE = {Weakly {$k$}-saturated graphs},
 BOOKTITLE = {Beitr\"{a}ge zur {G}raphentheorie ({K}olloquium, {M}anebach,
              1967)},
     PAGES = {25--31},
 PUBLISHER = {B. G. Teubner Verlagsgesellschaft, Leipzig},
      YEAR = {1968},
   MRCLASS = {05.40},
  MRNUMBER = {244077},
MRREVIEWER = {H.\ V.\ Kronk},
}
@Article{B65,
    AUTHOR = {Bollob\'{a}s, B.},
     TITLE = {On generalized graphs},
   JOURNAL = {Acta Math. Acad. Sci. Hungar.},
  FJOURNAL = {Acta Mathematica. Academiae Scientiarum Hungaricae},
    VOLUME = {16},
      YEAR = {1965},
     PAGES = {447--452},
      ISSN = {0001-5954,1588-2632},
   MRCLASS = {05.40},
  MRNUMBER = {183653},
MRREVIEWER = {J.\ W.\ Moon},
       DOI = {10.1007/BF01904851},
       URL = {https://doi.org/10.1007/BF01904851},
}
@article{BMTZ20,
  title={Threshold for weak saturation stability},
  author={Bidgoli, Mohammadreza and Mohammadian, Ali and Tayfeh-Rezaie, Behruz and Zhukovskii, Maksim},
  journal={J. Graph Theory},
  year={accepted for publication}
}
@Article{BKP12,
 Author = {Bonato, Anthony and Kemkes, Graeme and Pra{\l}at, Pawe{\l}},
 Title = {Almost all cop-win graphs contain a universal vertex},
 FJournal = {Discrete Mathematics},
 Journal = {Discrete Math.},
 ISSN = {0012-365X},
 Volume = {312},
 Number = {10},
 Pages = {1652--1657},
 Year = {2012},
 Language = {English},
 DOI = {10.1016/j.disc.2012.02.018},
 Keywords = {05C57,05C80},
 zbMATH = {6039216},
 Zbl = {1242.05178}
}
@Book{AS16,
 Author = {N. {Alon} and J. H. {Spencer}},
 Title = {{The probabilistic method}},
 ISBN = {978-1-119-06195-3; 978-1-119-06207-3},
 Pages = {384},
 Year = {2016},
 EDITION = {Fourth},
 Publisher = {Hoboken, NJ: John Wiley \& Sons},
 Language = {English},
 MSC2010 = {05-02 05D40},
 Zbl = {1333.05001}
}

@article {MT18,
    AUTHOR = {Mohammadian, A. and Tayfeh-Rezaie, B.},
     TITLE = {Star saturation number of random graphs},
   JOURNAL = {Discrete Math.},
  FJOURNAL = {Discrete Mathematics},
    VOLUME = {341},
      YEAR = {2018},
    NUMBER = {4},
     PAGES = {1166--1170},
      ISSN = {0012-365X},
   MRCLASS = {05C80 (05C35)},
  MRNUMBER = {3764371},
MRREVIEWER = {Jonathan Cutler},
       DOI = {10.1016/j.disc.2017.09.026},
       URL = {https://doi.org/10.1016/j.disc.2017.09.026},
}

@article{DHKZ23,
  doi = {10.48550/ARXIV.2211.13966},
  url = {https://arxiv.org/abs/2211.13966},
  author = {Diskin, Sahar and Hoshen, Ilay and Krivelevich, Michael and Zhukovskii, Maksim},
  keywords = {Combinatorics (math.CO), FOS: Mathematics, FOS: Mathematics, 05D10},
  title = {On vertex {R}amsey graphs with forbidden subgraphs},
  Journal = {arXiv preprint, 	arXiv:2211.13966},
  year = {2022},
  copyright = {arXiv.org perpetual, non-exclusive license}
}
@article{BHKMP,
title={Sharp Thresholds for Factors in Random Graphs}, 
      author={Fabian Burghart and Annika Heckel and Marc Kaufmann and Noela Müller and Matija Pasch},
      year={2024},
    Journal = {arXiv preprint, 	arXiv:2411.14138}, 
}
@inproceedings{chen2022maximum,
  title={Maximum flow and minimum-cost flow in almost-linear time},
  author={Chen, Li and Kyng, Rasmus and Liu, Yang P and Peng, Richard and Gutenberg, Maximilian Probst and Sachdeva, Sushant},
  booktitle={2022 IEEE 63rd Annual Symposium on Foundations of Computer Science (FOCS)},
  pages={612--623},
  year={2022},
  organization={IEEE}
}
@article{DK,
      title={Disjoint connected dominating sets in pseudorandom graphs}, 
      author={Nemanja Draganić and Michael Krivelevich},
      journal = {Proceedings of the 57th Symposium on Theory of Computing (STOC'25)},
    year={accepted},
}
@incollection {KS06,
    AUTHOR = {Krivelevich, M. and Sudakov, B.},
     TITLE = {Pseudo-random graphs},
 BOOKTITLE = {More sets, graphs and numbers},
    SERIES = {Bolyai Soc. Math. Stud.},
    VOLUME = {15},
     PAGES = {199--262},
 PUBLISHER = {Springer, Berlin},
      YEAR = {2006},
   MRCLASS = {05C80 (05C50)},
  MRNUMBER = {2223394},
MRREVIEWER = {David B. Penman},
       DOI = {10.1007/978-3-540-32439-3\_10},
       URL = {https://doi.org/10.1007/978-3-540-32439-3_10},
}
@Book{BF93,
 Author = {Burden, Richard L. and Faires, J. Douglas},
 Title = {Numerical analysis.},
 Edition = {5th ed.},
 ISBN = {0-534-93219-3},
 Year = {1993},
 Publisher = {Boston, MA: PWS Publishing Company; London: ITP International Thomson Publishing},
 Language = {English},
 Keywords = {65-01,00A06},
 zbMATH = {486633},
 Zbl = {0788.65001}
}
@Article{KSS,
 Author = {Koml{\'o}s, J{\'a}nos and S{\'a}rk{\"o}zy, G{\'a}bor N. and Szemer{\'e}di, Endre},
 Title = {Proof of a packing conjecture of {Bollob{\'a}s}},
 FJournal = {Combinatorics, Probability and Computing},
 Journal = {Comb. Probab. Comput.},
 ISSN = {0963-5483},
 Volume = {4},
 Number = {3},
 Pages = {241--255},
 Year = {1995},
 Language = {English},
 DOI = {10.1017/S0963548300001620},
 Keywords = {05C70,05C05,05C10},
 zbMATH = {843713},
 Zbl = {0842.05072}
}
@article{P23,
  title={Spanning trees in the square of pseudorandom graphs},
  author={Pavez-Sign{\'e}, Mat{\'\i}as},
  journal={arXiv preprint arXiv:2307.00322},
  year={2023}
}
@article{K23,
  title={Crowns in pseudo-random graphs and Hamilton cycles in their squares},
  author={Krivelevich, Michael},
  journal={arXiv preprint arXiv:2305.08442},
  year={2023}
}
@article{HMMPM23,
  title={Spanning trees in pseudorandom graphs via sorting networks},
  author={Hyde, Joseph and Morrison, Natasha and M{\"u}yesser, Alp and Pavez-Sign{\'e}, Mat{\'\i}as},
  journal={arXiv preprint arXiv:2311.03185},
  year={2023}
}

@article{DZ22,
  author = {Demyanov, Sergej and Zhukovskii, Maksim},
  title = {Tight concentration of star saturation number in random graphs},
  JOURNAL = {Discrete Math.},
  FJOURNAL = {Discrete Mathematics},
volume = {346},
number = {10},
pages = {113572},
year = {2023},
}


@article {Z49,
    AUTHOR = {Zykov, A. A.},
     TITLE = {On some properties of linear complexes},
   JOURNAL = {Mat. Sbornik N.S.},
    VOLUME = {24(66)},
      YEAR = {1949},
     PAGES = {163--188},
   MRCLASS = {56.0X},
  MRNUMBER = {0035428},
MRREVIEWER = {W. T. Tutte},
}
@article {EHM64,
    AUTHOR = {Erd\H{o}s, P. and Hajnal, A. and Moon, J. W.},
     TITLE = {A problem in graph theory},
   JOURNAL = {Amer. Math. Monthly},
  FJOURNAL = {American Mathematical Monthly},
    VOLUME = {71},
      YEAR = {1964},
     PAGES = {1107--1110},
      ISSN = {0002-9890,1930-0972},
   MRCLASS = {55.10 (05.40)},
  MRNUMBER = {170339},
MRREVIEWER = {W.\ T.\ Tutte},
       DOI = {10.2307/2311408},
       URL = {https://doi.org/10.2307/2311408},
}
@article {FFS11,
    AUTHOR = {Faudree, Jill R. and Faudree, Ralph J. and Schmitt, John R.},
     TITLE = {A survey of minimum saturated graphs},
   JOURNAL = {Electron. J. Combin.},
  FJOURNAL = {Electronic Journal of Combinatorics},
    VOLUME = {DS19},
      YEAR = {2011},
    NUMBER = {Dynamic Surveys},
     PAGES = {36},
   MRCLASS = {05-02 (05C35)},
  MRNUMBER = {4336221},
}


@InProceedings{DZ21,
author="Demidovich, Yury
and Zhukovskii, Maksim",
editor="Ne{\v{s}}et{\v{r}}il, Jaroslav
and Perarnau, Guillem
and Ru{\'e}, Juanjo
and Serra, Oriol",
title="Cycle Saturation in Random Graphs",
booktitle="Extended Abstracts EuroComb 2021",
year="2021",
publisher="Springer International Publishing",
address="Cham",
pages="811--816",
abstract="For a fixed graph F,  the minimum number of edges in an edge-maximal F-free subgraph of G is called the F-saturation number. The asymptotics of the F-saturation number of the Erd{\"o}s--R{\'e}nyi random graph G(n, p) for constant {\$}{\$}p{\backslash}in (0,1){\$}{\$}p∈(0,1)was established for any complete graph and any star graph. We obtain the asymptotics of the {\$}{\$}C{\_}m{\$}{\$}Cm-saturation number of G(n, p) for {\$}{\$}m{\backslash}geqslant 5.{\$}{\$}m⩾5.Also we prove non-trivial linear (in n) lower bounds and upper bounds for the {\$}{\$}C{\_}4{\$}{\$}C4-saturation number of G(n, p) for some fixed values of p.",
isbn="978-3-030-83823-2"
}

@book {FK16,
    AUTHOR = {Frieze, Alan and Karo\'{n}ski, Micha\l },
     TITLE = {Introduction to random graphs},
 PUBLISHER = {Cambridge University Press, Cambridge},
      YEAR = {2016},
     PAGES = {xvii+464},
      ISBN = {978-1-107-11850-8},
   MRCLASS = {05-01 (05C80 60C05 60E15 60F05 60G42)},
  MRNUMBER = {3675279},
       DOI = {10.1017/CBO9781316339831},
       URL = {https://doi.org/10.1017/CBO9781316339831},
}
@article {JKV08,
    AUTHOR = {Johansson, Anders and Kahn, Jeff and Vu, Van},
     TITLE = {Factors in random graphs},
   JOURNAL = {Random Structures Algorithms},
  FJOURNAL = {Random Structures \& Algorithms},
    VOLUME = {33},
      YEAR = {2008},
    NUMBER = {1},
     PAGES = {1--28},
      ISSN = {1042-9832},
   MRCLASS = {05C80},
  MRNUMBER = {2428975},
MRREVIEWER = {Jonathan Cutler},
       DOI = {10.1002/rsa.20224},
       URL = {https://doi.org/10.1002/rsa.20224},
}
@article{CycleSat,
  author = {Demidovich, Yury and Skorkin, Arkadiy and Zhukovskii, Maksim},
  title = {Cycle saturation in random graphs},
 JOURNAL = {SIAM J. Discrete Math.},
  FJOURNAL = {Siam Journal on Discrete Mathematics},volume = {37},
number = {3},
pages = {1359-1385},
year = {2023},
}
@article{KMMT23,
  title={Weak saturation numbers in random graphs},
  author={Kalinichenko, Olga and Miralaei, Meysam and Mohammadian, Ali and Tayfeh-Rezaie, Behruz},
  journal={arXiv preprint arXiv:2306.10375},
  year={2023}
}
@article{DHKSZ24,
  title={Saturation in random hypergraphs},
  author={Diskin, Sahar and Hoshen, Ilay and Kor\'{a}ndi, D\'{a}niel and Sudakov, Benny and Zhukovskii, Maksim},
  journal={arXiv preprint arXiv:2405.03061},
  year={2024}
}
@article{KZ23,
  title={Weak saturation stability},
  author={Kalinichenko, Olga and Zhukovskii, Maksim},
  journal={European Journal of Combinatorics},
  volume={114},
  pages={103777},
  year={2023},
  publisher={Elsevier}
}
@article{DHZ23,
  title={A Jump of the Saturation Number in Random Graphs?},
  author={Diskin, Sahar and Hoshen, Ilay and Zhukovskii, Maksim},
  journal={arXiv preprint arXiv:2303.12046},
  year={2023}
}
@article {KT86,
    AUTHOR = {K\'{a}szonyi, L. and Tuza, Zs.},
     TITLE = {Saturated graphs with minimal number of edges},
   JOURNAL = {J. Graph Theory},
  FJOURNAL = {Journal of Graph Theory},
    VOLUME = {10},
      YEAR = {1986},
    NUMBER = {2},
     PAGES = {203--210},
      ISSN = {0364-9024},
   MRCLASS = {05C35},
  MRNUMBER = {890226},
MRREVIEWER = {R. H. Schelp},
       DOI = {10.1002/jgt.3190100209},
       URL = {https://doi.org/10.1002/jgt.3190100209},
}
@inproceedings{janson1990exponential,
  title={An exponential bound for the probability of nonexistence of a specified subgraph in a random graph},
  author={Janson, Svante and Luczak, Tomasz and Rucinski, Andrzej},
  booktitle={Random graphs},
  volume={87},
  pages={73--87},
  year={1990}
}
@Article{MT10,
 Author = {Moser, Robin A. and Tardos, G{\'a}bor},
 Title = {A constructive proof of the general {Lov{\'a}sz} local lemma},
 FJournal = {Journal of the ACM},
 Journal = {J. ACM},
 ISSN = {0004-5411},
 Volume = {57},
 Number = {2},
 Pages = {15},
 Note = {Id/No 11},
 Year = {2010},
 Language = {English},
 DOI = {10.1145/1667053.1667060},
 Keywords = {60C05,05C85,05D99,68W05},
 zbMATH = {5748299},
 Zbl = {1300.60024}
}
@article{AC88,
  title={Explicit construction of linear sized tolerant networks},
  author={Alon, N. and Chung, F. R. K.},
  journal={Discrete Mathematics},
  volume={72},
  number={1-3},
  pages={15--19},
  year={1988},
  publisher={Elsevier}
}

@article {Sarid,
    AUTHOR = {Sarid, Amir},
     TITLE = {The spectral gap of random regular graphs},
   JOURNAL = {Random Structures Algorithms},
  FJOURNAL = {Random Structures \& Algorithms},
    VOLUME = {63},
      YEAR = {2023},
    NUMBER = {2},
     PAGES = {557--587},
      ISSN = {1042-9832,1098-2418},
   MRCLASS = {05C80 (05C48 05C50)},
  MRNUMBER = {4622336},
}
@incollection {B81,
    AUTHOR = {Bollob\'as, B\'ela},
     TITLE = {Random graphs},
 BOOKTITLE = {Combinatorics ({S}wansea, 1981)},
    SERIES = {London Math. Soc. Lecture Note Ser.},
    VOLUME = {52},
     PAGES = {80--102},
 PUBLISHER = {Cambridge Univ. Press, Cambridge-New York},
      YEAR = {1981},
      ISBN = {0-521-28514-3},
   MRCLASS = {05Cxx (05-02 60C05)},
  MRNUMBER = {633650},
MRREVIEWER = {Micha\l\ Karo\'nski},
}
@article {MW91,
    AUTHOR = {McKay, Brendan D. and Wormald, Nicholas C.},
     TITLE = {Asymptotic enumeration by degree sequence of graphs with
              degrees {$o(n^{1/2})$}},
   JOURNAL = {Combinatorica},
  FJOURNAL = {Combinatorica. An International Journal on Combinatorics and
              the Theory of Computing},
    VOLUME = {11},
      YEAR = {1991},
    NUMBER = {4},
     PAGES = {369--382},
      ISSN = {0209-9683},
   MRCLASS = {05A16 (05C30)},
  MRNUMBER = {1137769},
MRREVIEWER = {E.\ Rodney\ Canfield},
       DOI = {10.1007/BF01275671},
       URL = {https://doi.org/10.1007/BF01275671},
}
@article {McKaySurvey,
    AUTHOR = {McKay, Brendan D.},
     TITLE = {Subgraphs of random graphs with specified degrees},
   JOURNAL = {Congr. Numer.},
  FJOURNAL = {Congressus Numerantium. A Conference Journal on Numerical
              Themes},
    VOLUME = {33},
      YEAR = {1981},
     PAGES = {213--223},
      ISSN = {0384-9864},
   MRCLASS = {05C80 (05C15 05C30)},
  MRNUMBER = {681916},
MRREVIEWER = {C.\ C.\ Rousseau},
}
@Article{H21,
 Author = {Heckel, Annika},
 Title = {Random triangles in random graphs},
 FJournal = {Random Structures \& Algorithms},
 Journal = {Random Struct. Algorithms},
 ISSN = {1042-9832},
 Volume = {59},
 Number = {4},
 Pages = {616--621},
 Year = {2021},
 Language = {English},
 DOI = {10.1002/rsa.21013},
 Keywords = {05C80,05C65},
 zbMATH = {7749501},
 Zbl = {1522.05429}
}
@Article{R22,
 Author = {Riordan, Oliver},
 Title = {Random cliques in random graphs and sharp thresholds for {{\(F\)}}-factors},
 FJournal = {Random Structures \& Algorithms},
 Journal = {Random Struct. Algorithms},
 ISSN = {1042-9832},
 Volume = {61},
 Number = {4},
 Pages = {619--637},
 Year = {2022},
 Language = {English},
 DOI = {10.1002/rsa.21111},
 Keywords = {05C70,05C65,05C80},
 zbMATH = {7751085},
 Zbl = {1522.05385}
}
@article {W81,
    AUTHOR = {Wormald, Nicholas C.},
     TITLE = {The asymptotic distribution of short cycles in random regular
              graphs},
   JOURNAL = {J. Combin. Theory Ser. B},
  FJOURNAL = {Journal of Combinatorial Theory. Series B},
    VOLUME = {31},
      YEAR = {1981},
    NUMBER = {2},
     PAGES = {168--182},
      ISSN = {0095-8956,1096-0902},
   MRCLASS = {05C38 (05C30 60C05)},
  MRNUMBER = {630980},
MRREVIEWER = {E.\ Rodney\ Canfield},
       DOI = {10.1016/S0095-8956(81)80022-6},
       URL = {https://doi.org/10.1016/S0095-8956(81)80022-6},
}
@incollection{alon2010high,
  title={High degree graphs contain large-star factors},
  author={Alon, Noga and Wormald, Nicholas},
  booktitle={Fete of Combinatorics and Computer Science},
  pages={9--21},
  year={2010},
  publisher={Springer}
}
@article {ER66,
    AUTHOR = {Erd\H{o}s, P. and R\'{e}nyi, A.},
     TITLE = {On the existence of a factor of degree one of a connected
              random graph},
   JOURNAL = {Acta Math. Acad. Sci. Hungar.},
  FJOURNAL = {Acta Mathematica. Academiae Scientiarum Hungaricae},
    VOLUME = {17},
      YEAR = {1966},
     PAGES = {359--368},
      ISSN = {0001-5954,1588-2632},
   MRCLASS = {05.40},
  MRNUMBER = {200186},
MRREVIEWER = {W.\ Moser},
       DOI = {10.1007/BF01894879},
       URL = {https://doi.org/10.1007/BF01894879},
}
@article{alon1993threshold,
  title={Threshold functions for {$H$}-factors},
  author={Alon, Noga and Yuster, Raphael},
  journal={Combinatorics, Probability and Computing},
  volume={2},
  number={2},
  pages={137--144},
  year={1993},
  publisher={Cambridge University Press}
}
@article{krivelevich1997triangle,
  title={Triangle factors in random graphs},
  author={Krivelevich, Michael},
  journal={Combinatorics, Probability and Computing},
  volume={6},
  number={3},
  pages={337--347},
  year={1997},
  publisher={Cambridge University Press}
}
@article{johansson2008factors,
  title={Factors in random graphs},
  author={Johansson, Anders and Kahn, Jeff and Vu, Van},
  journal={Random Structures \& Algorithms},
  volume={33},
  number={1},
  pages={1--28},
  year={2008},
  publisher={Wiley Online Library}
}
@article{assiyatun20063,
  title={3-star factors in random d-regular graphs},
  author={Assiyatun, Hilda and Wormald, Nicholas},
  journal={European Journal of Combinatorics},
  volume={27},
  number={8},
  pages={1249--1262},
  year={2006},
  publisher={Elsevier}
}
@article{robinson1994almost,
  title={Almost all regular graphs are Hamiltonian},
  author={Robinson, Robert W. and Wormald, Nicholas C.},
  journal={Random Structures \& Algorithms},
  volume={5},
  number={2},
  pages={363--374},
  year={1994},
  publisher={Wiley Online Library}
}
@article{HKMP,
  title={The hitting time of clique factors},
  author={Heckel, Annika and Kaufmann, Marc and M\"{u}ller, Noela and Pasch, Matija},
  journal={Random Structures \& Algorithms},
  volume={65},
  pages={275--312},
  year={2024},
  publisher={Wiley Online Library}
}
@Book{Bol_book,
    Title={Random graphs},
    Author={Bollob\'{a}s, Bela},
    EDITION={2nd},
    Year={2001},
    Publisher={Cambridge University Press},
}
@article{Janson:contiguity,
 title={Random regular graphs: asymptotic distributions and contiguity},
 author={Janson, Svante},
 journal={Combin. Probab. Comput.}, 
 volume={4},
 year={1995},
 pages={369--405}
}
@article{Otter,
 title={The number of trees},
 author={Otter, R.},
 journal={Annals of Mathematics}, 
 volume={2},
 number={49},
 year={1948},
 pages={583--599}
}