#############################################################################
// Thermodynamic models
#############################################################################

@article{tinoco,
  title={Estimation of secondary structure in ribonucleic acids},
  author={Tinoco, Ignacio and Uhlenbeck, Olke C and Levine, Mark D},
  journal={Nature},
  volume={230},
  number={5293},
  pages={362--367},
  year={1971},
  publisher={Nature Publishing Group UK London}
}

@article{santa,
  title={The thermodynamics of {DNA} structural motifs},
  author={SantaLucia Jr, John and Hicks, Donald},
  journal={Annu. Rev. Biophys. Biomol. Struct.},
  volume={33},
  pages={415--440},
  year={2004},
  publisher={Annual Reviews}
}

@article{mathews1999expanded,
  title={Expanded sequence dependence of thermodynamic parameters improves prediction of {RNA} secondary structure},
  author={Mathews, David H and Sabina, Jeffrey and Zuker, Michael and Turner, Douglas H},
  journal={Journal of molecular biology},
  volume={288},
  number={5},
  pages={911--940},
  year={1999},
  publisher={Elsevier}
}



#############################################################################
// complexity results for previous work
#############################################################################

@inproceedings{condon2021predicting,
  title={Predicting Minimum Free Energy Structures of Multi-Stranded Nucleic Acid Complexes Is {APX}-Hard},
  author={Condon, Anne and Hajiaghayi, Monir and Thachuk, Chris},
  booktitle={27th International Conference on DNA Computing and Molecular Programming (DNA 27)},
  year={2021},
  organization={Schloss Dagstuhl-Leibniz-Zentrum f{\"u}r Informatik}
}

@article{zukeroptimal,
  title={Optimal computer folding of large {RNA} sequences using thermodynamics and auxiliary information},
  author={Zuker, Michael and Stiegler, Patrick},
  journal={Nucleic acids research},
  volume={9},
  number={1},
  pages={133--148},
  year={1981},
  publisher={Oxford University Press}
}

@article{zukerrna,
  title={{RNA} secondary structures and their prediction},
  author={Zuker, Michael and Sankoff, David},
  journal={Bulletin of mathematical biology},
  volume={46},
  pages={591--621},
  year={1984},
  publisher={Springer}
}

@article{dirks2007thermodynamic,
  title={Thermodynamic analysis of interacting nucleic acid strands},
  author={Dirks, Robert M and Bois, Justin S and Schaeffer, Joseph M and Winfree, Erik and Pierce, Niles A},
  journal={SIAM review},
  volume={49},
  number={1},
  pages={65--88},
  year={2007},
  publisher={SIAM}
}

@article{mccaskill1990equilibrium,
  title={The equilibrium partition function and base pair binding probabilities for {RNA} secondary structure},
  author={McCaskill, John S},
  journal={Biopolymers: Original Research on Biomolecules},
  volume={29},
  number={6-7},
  pages={1105--1119},
  year={1990},
  publisher={Wiley Online Library}
}

@article{fornace2020unified,
  title={A unified dynamic programming framework for the analysis of interacting nucleic acid strands: enhanced models, scalability, and speed},
  author={Fornace, Mark E and Porubsky, Nicholas J and Pierce, Niles A},
  journal={ACS Synthetic Biology},
  volume={9},
  number={10},
  pages={2665--2678},
  year={2020},
  publisher={ACS Publications}
}


@article{nussinov1978algorithms,
  title={Algorithms for loop matchings},
  author={Nussinov, Ruth and Pieczenik, George and Griggs, Jerrold R and Kleitman, Daniel J},
  journal={SIAM Journal on Applied mathematics},
  volume={35},
  number={1},
  pages={68--82},
  year={1978},
  publisher={SIAM}
}



@article{nussinov1980fast,
  title={Fast algorithm for predicting the secondary structure of single-stranded {RNA}},
  author={Nussinov, Ruth and Jacobson, Ann B},
  journal={Proceedings of the National Academy of Sciences},
  volume={77},
  number={11},
  pages={6309--6313},
  year={1980},
  publisher={National Acad Sciences}
}



@article{waterman1986rapid,
  title={Rapid dynamic programming algorithms for {RNA} secondary structure},
  author={Waterman, Michael S and Smith, Temple F},
  journal={Advances in Applied Mathematics},
  volume={7},
  number={4},
  pages={455--464},
  year={1986},
  publisher={Elsevier}
}



@article{hofacker2012symmetric,
  title={Symmetric circular matchings and {RNA} folding},
  author={Hofacker, Ivo L and Reidys, Christian M and Stadler, Peter F},
  journal={Discrete mathematics},
  volume={312},
  number={1},
  pages={100--112},
  year={2012},
  publisher={Elsevier}
}

@article{lyngso1999fast,
  title={Fast evaluation of internal loops in {RNA} secondary structure prediction.},
  author={Lyngs{\o}, Rune B and Zuker, Michael and Pedersen, CN},
  journal={Bioinformatics (Oxford, England)},
  volume={15},
  number={6},
  pages={440--445},
  year={1999}
}




#############################################################################
// Results for knots
#############################################################################

@inproceedings{lyngso2000pseudoknots,
  title={Pseudoknots in {RNA} secondary structures},
  author={Lyngs{\o}, Rune B and Pedersen, Christian NS},
  booktitle={Proceedings of the fourth annual international conference on Computational molecular biology},
  pages={201--209},
  year={2000}
}

@article{lyngso2000rna,
  title={{RNA} pseudoknot prediction in energy-based models},
  author={Lyngs{\o}, Rune B and Pedersen, Christian NS},
  journal={Journal of computational biology},
  volume={7},
  number={3-4},
  pages={409--427},
  year={2000},
  publisher={Mary Ann Liebert, Inc.}
}

@article{akutsu2000dynamic,
  title={Dynamic programming algorithms for {RNA} secondary structure prediction with pseudoknots},
  author={Akutsu, Tatsuya},
  journal={Discrete Applied Mathematics},
  volume={104},
  number={1-3},
  pages={45--62},
  year={2000},
  publisher={Elsevier}
}



@article{rivas1999dynamic,
  title={A dynamic programming algorithm for {RNA} structure prediction including pseudoknots},
  author={Rivas, Elena and Eddy, Sean R},
  journal={Journal of molecular biology},
  volume={285},
  number={5},
  pages={2053--2068},
  year={1999},
  publisher={Elsevier}
}


@article{chen2009n,
  title={An {$O(n^5)$} algorithm for {MFE} prediction of kissing hairpins and 4-chains in nucleic acids},
  author={Chen, Ho-Lin and Condon, Anne and Jabbari, Hosna},
  journal={Journal of Computational Biology},
  volume={16},
  number={6},
  pages={803--815},
  year={2009},
  publisher={Mary Ann Liebert, Inc. 140 Huguenot Street, 3rd Floor New Rochelle, NY 10801 USA}
}


@article{dirks2004algorithm,
  title={An algorithm for computing nucleic acid base-pairing probabilities including pseudoknots},
  author={Dirks, Robert M and Pierce, Niles A},
  journal={Journal of computational chemistry},
  volume={25},
  number={10},
  pages={1295--1304},
  year={2004},
  publisher={Wiley Online Library}
}


@article{dirks2003partition,
  title={A partition function algorithm for nucleic acid secondary structure including pseudoknots},
  author={Dirks, Robert M and Pierce, Niles A},
  journal={Journal of computational chemistry},
  volume={24},
  number={13},
  pages={1664--1677},
  year={2003},
  publisher={Wiley Online Library}
}

@article{jabbari2018knotty,
  title={Knotty: efficient and accurate prediction of complex {RNA} pseudoknot structures},
  author={Jabbari, Hosna and Wark, Ian and Montemagno, Carlo and Will, Sebastian},
  journal={Bioinformatics},
  volume={34},
  number={22},
  pages={3849--3856},
  year={2018},
  publisher={Oxford University Press}
}


@article{reeder2004design,
  title={Design, implementation and evaluation of a practical pseudoknot folding algorithm based on thermodynamics},
  author={Reeder, Jens and Giegerich, Robert},
  journal={BMC bioinformatics},
  volume={5},
  pages={1--12},
  year={2004},
  publisher={Springer}
}


@article{uemura1999tree,
  title={Tree adjoining grammars for {RNA} structure prediction},
  author={Uemura, Yasuo and Hasegawa, Aki and Kobayashi, Satoshi and Yokomori, Takashi},
  journal={Theoretical computer science},
  volume={210},
  number={2},
  pages={277--303},
  year={1999},
  publisher={Elsevier}
}







#############################################################################
// textbooks
#############################################################################

@book{west2001introduction,
  title={Introduction to graph theory},
  author={West, Douglas Brent and others},
  volume={2},
  year={2001},
  publisher={Prentice hall Upper Saddle River}
}


@book{brualdi1977introductory,
  title={Introductory combinatorics},
  author={Brualdi, Richard A},
  year={1977},
  publisher={Pearson Education India}
}

@book{singh2009elements,
  title={Elements of computation theory},
  author={Singh, Arindama and Gries, David and Schneider, Fred B},
  year={2009},
  publisher={Springer}
}



@article{garey1979computers,
  title={Computers and intractability},
  author={Garey, Michael R and Johnson, David S},
  journal={A Guide to the},
  year={1979}
}

@book{arora2009computational,
  title={Computational complexity: a modern approach},
  author={Arora, Sanjeev and Barak, Boaz},
  year={2009},
  publisher={Cambridge University Press}
}


@book{nicholson2012introduction,
  title={Introduction to abstract algebra},
  author={Nicholson, W Keith},
  year={2012},
  publisher={John Wiley \& Sons}
}



@article{sawada2003fast,
  title={A fast algorithm to generate necklaces with fixed content},
  author={Sawada, Joe},
  journal={Theoretical Computer Science},
  volume={301},
  number={1-3},
  pages={477--489},
  year={2003},
  publisher={Elsevier}
}





#############################################################################
// backtracking
#############################################################################

@article{wuchty1999complete,
  title={Complete suboptimal folding of {RNA} and the stability of secondary structures},
  author={Wuchty, Stefan and Fontana, Walter and Hofacker, Ivo L and Schuster, Peter},
  journal={Biopolymers: Original Research on Biomolecules},
  volume={49},
  number={2},
  pages={145--165},
  year={1999},
  publisher={Wiley Online Library}
}

@article{byers1984determining,
  title={Determining all optimal and near-optimal solutions when solving shortest path problems by dynamic programming},
  author={Byers, Thomas H and Waterman, Michael S},
  journal={Operations Research},
  volume={32},
  number={6},
  pages={1381--1384},
  year={1984},
  publisher={INFORMS}
}

@article{hoffman1959method,
  title={A method for the solution of the n th best path problem},
  author={Hoffman, Walter and Pavley, Richard},
  journal={Journal of the ACM (JACM)},
  volume={6},
  number={4},
  pages={506--514},
  year={1959},
  publisher={ACM New York, NY, USA}
}

@article{waterman1985dynamic,
  title={A dynamic programming algorithm to find all solutions in a neighborhood of the optimum},
  author={Waterman, Michael S and Byers, Thomas H},
  journal={Mathematical Biosciences},
  volume={77},
  number={1-2},
  pages={179--188},
  year={1985},
  publisher={Elsevier}
}







#############################################################################
// Entropy stuff
#############################################################################

@article{bormashenko2019entropy,
  title={Entropy, information, and symmetry: Ordered is symmetrical},
  author={Bormashenko, Edward},
  journal={Entropy},
  volume={22},
  number={1},
  pages={11},
  year={2019},
  publisher={MDPI}
}


@book{atkins2023atkins,
  title={Atkins' physical chemistry},
  author={Atkins, Peter William and De Paula, Julio and Keeler, James},
  year={2023},
  publisher={Oxford university press}
}


@book{silbey2022physical,
  title={Physical chemistry},
  author={Silbey, Robert J and Alberty, Robert A and Papadantonakis, George A and Bawendi, Moungi G},
  year={2022},
  publisher={John Wiley \& Sons}
}


##############
DNA computing and DNA/RNA nanotech

@article{zhang2011dynamic,
  title     = {Dynamic {DNA} nanotechnology using strand-displacement reactions},
  author    = {Zhang, David Yu and Seelig, Georg},
  journal   = {Nature chemistry},
  volume    = {3},
  number    = {2},
  pages     = {103--113},
  year      = {2011},
  publisher = {Nature Publishing Group}
}
@article{algoSST,
  author  = {Woods, Damien and Doty, David and Myhrvold, Cameron and Hui, Joy and Zhou, Felix and Yin, Peng and Winfree, Erik},
  journal = {Nature},
  pages   = {366--372},
  title   = {Diverse and robust molecular algorithms using reprogrammable {DNA} self-assembly},
  volume  = {567},
  number  = {7748},
  year    = {2019}
}
@article{squareRoot,
  title={Scaling up digital circuit computation with {DNA} strand displacement cascades},
  author={Qian, Lulu and Winfree, Erik},
  journal={Science},
  volume={332},
  number={6034},
  pages={1196--1201},
  year={2011},
  publisher={American Association for the Advancement of Science}
}
@article{cargoSorting,
  author       = {Thubagere, Anupama J. and Li, Wei and Johnson, Robert F. and Chen, Zibo and Doroudi, Shayan and Lee, Yae Lim and Izatt, Gregory and Wittman, Sarah and Srinivas, Niranjan and Woods, Damien and Winfree, Erik and Qian, Lulu},
  title        = {A cargo-sorting {DNA} robot},
  volume       = {357},
  number       = {6356},
  elocation-id = {eaan6558},
  year         = {2017},
  publisher    = {American Association for the Advancement of Science},
  journal      = {Science},
}
@article{SIMDDNA,
  title={Parallel molecular computation on digital data stored in {DNA}},
  author={Wang, Boya and Wang, Siyuan Stella and Chalk, Cameron and Ellington, Andrew D and Soloveichik, David},
  journal={Proceedings of the National Academy of Sciences},
  volume={120},
  number={37},
  pages={e2217330120},
  year={2023},
  publisher={National Acad Sciences}
}
@article{woo2011programmable,
  title     = {Programmable molecular recognition based on the geometry of {DNA} nanostructures},
  author    = {Woo, Sungwook and Rothemund, Paul WK},
  journal   = {Nature chemistry},
  volume    = {3},
  number    = {8},
  pages     = {620},
  year      = {2011},
  publisher = {Nature Publishing Group}
}
@article{celltimer2017fernshulman,
   author = {Fern, Joshua and Schulman, Rebecca},
   title = {Design and Characterization of DNA Strand-Displacement Circuits in Serum-Supplemented Cell Medium},
   journal = {ACS Synthetic Biology},
   volume = {6},
   number = {9},
   pages = {1774-1783},
   DOI = {10.1021/acssynbio.7b00105},
   url = {https://doi.org/10.1021/acssynbio.7b00105},
   year = {2017},
   type = {Journal Article}
}
@article{Chatterjee2017,
  author  = {Chatterjee, Gourab
             and Dalchau, Neil
             and Muscat, Richard A.
             and Phillips, Andrew
             and Seelig, Georg},
  title   = {A spatially localized architecture for fast and modular {DNA} computing},
  journal = {Nature Nanotechnology},
  year    = {2017},
  month   = {Sep},
  day     = {01},
  volume  = {12},
  number  = {9},
  pages   = {920-927},
issn={1748-3395},
doi={10.1038/nnano.2017.127},
url={https://doi.org/10.1038/nnano.2017.127}
}
@article{seelig2006enzyme,
  title={Enzyme-free nucleic acid logic circuits},
  author={Seelig, Georg and Soloveichik, David and Zhang, David Yu and Winfree, Erik},
  journal={science},
  volume={314},
  number={5805},
  pages={1585--1588},
  year={2006},
  publisher={American Association for the Advancement of Science}
}

@misc{nuad,
  author  = {Doty, David and Lee, Benjamin},
  title   = {nuad: NUcleic Acid Designer},
  month   = mar,
  year    = 2022,
  version = {version as of 2021},
  url     = {https://github.com/UC-Davis-molecular-computing/nuad},
  note = {Uses, and generalises, sequence design principles from \cite{algoSST}.}
} %~\cite{algoSST}

@article{geary2014single,
  title={A single-stranded architecture for cotranscriptional folding of {RNA} nanostructures},
  author={Geary, Cody and Rothemund, Paul WK and Andersen, Ebbe S},
  journal={Science},
  volume={345},
  number={6198},
  pages={799--804},
  year={2014},
  publisher={American Association for the Advancement of Science}
}
@article{churkin2018design,
  title={Design of {RNAs}: comparing programs for inverse {RNA} folding},
  author={Churkin, Alexander and Retwitzer, Matan Drory and Reinharz, Vladimir and Ponty, Yann and Waldisp{\"u}hl, J{\'e}r{\^o}me and Barash, Danny},
  journal={Briefings in bioinformatics},
  volume={19},
  number={2},
  pages={350--358},
  year={2018},
  publisher={Oxford University Press}
}

@article{boury2024rna,
  title={{RNA} inverse folding can be solved in linear time for structures without isolated stacks or base pairs},
  author={Boury, Th{\'e}o and Bulteau, Laurent and Ponty, Yann},
  year={2024}
}

@article{viennaRNA,
  title={{ViennaRNA} Package 2.0},
  author={Lorenz, Ronny and Bernhart, Stephan H and H{\"o}ner zu Siederdissen, Christian and Tafer, Hakim and Flamm, Christoph and Stadler, Peter F and Hofacker, Ivo L},
  journal={Algorithms for molecular biology},
  volume={6},
  pages={1--14},
  year={2011},
  publisher={Springer}
}
@article{mfold,
  title={Mfold web server for nucleic acid folding and hybridization prediction},
  author={Zuker, Michael},
  journal={Nucleic acids research},
  volume={31},
  number={13},
  pages={3406--3415},
  year={2003},
  publisher={Oxford University Press}
}
@article{santalucia1998unified,
  title={A unified view of polymer, dumbbell, and oligonucleotide {DNA} nearest-neighbor thermodynamics},
  author={SantaLucia Jr, John},
  journal={Proceedings of the National Academy of Sciences},
  volume={95},
  number={4},
  pages={1460--1465},
  year={1998},
  publisher={National Acad Sciences}
}



@article{boehmer2024rna,
  title={RNA Triplet Repeats: Improved Algorithms for Structure Prediction and Interactions},
  author={Boehmer, Kimon and Berkemer, Sarah J and Will, Sebastian and Ponty, Yann},
  year={2024},
    note={24th Workshop on Algorithms in Bioinformatics (WABI), to appear},
  url={https://hal.science/hal-04589903}
}