@article{DobzinskiNS10,
author = {Dobzinski, Shahar and Nisan, Noam and Schapira, Michael},
year = {2005},
pages = {610-618},
title = {Approximation algorithms for combinatorial auctions with complement-free bidders},
volume = {35},
journal = {Mathematics of Operations Research},
url = {https://www.jstor.org/stable/40538414?seq=1}
}

@article{Feige09,
author = {Feige, Uriel},
year = {2009},
pages = {41-50},
title = {On Maximizing Welfare When Utility Functions Are Subadditive},
journal = {Siam Journal on Computing},
doi = {10.1137/070680977}
}

@inproceedings{LeeS18,
  author    = {Euiwoong Lee and
               Sahil Singla},
  editor    = {Yossi Azar and
               Hannah Bast and
               Grzegorz Herman},
  title     = {Optimal Online Contention Resolution Schemes via Ex-Ante Prophet Inequalities},
  booktitle = {26th Annual European Symposium on Algorithms, {ESA} 2018, August 20-22,
               2018, Helsinki, Finland},
  series    = {LIPIcs},
  volume    = {112},
  pages     = {57:1--57:14},
  publisher = {Schloss Dagstuhl - Leibniz-Zentrum f{\"{u}}r Informatik},
  year      = {2018},
  url       = {https://doi.org/10.4230/LIPIcs.ESA.2018.57},
  doi       = {10.4230/LIPIcs.ESA.2018.57},
  timestamp = {Tue, 11 Feb 2020 15:52:14 +0100},
  biburl    = {https://dblp.org/rec/conf/esa/LeeS18.bib},
  bibsource = {dblp computer science bibliography, https://dblp.org}
}

@inproceedings{CaiZ17,
  author    = {Yang Cai and
               Mingfei Zhao},
  editor    = {Hamed Hatami and
               Pierre McKenzie and
               Valerie King},
  title     = {Simple mechanisms for subadditive buyers via duality},
  booktitle = {Proceedings of the 49th Annual {ACM} {SIGACT} Symposium on Theory
               of Computing, {STOC} 2017, Montreal, QC, Canada, June 19-23, 2017},
  pages     = {170--183},
  publisher = {{ACM}},
  year      = {2017},
  url       = {https://doi.org/10.1145/3055399.3055465},
  doi       = {10.1145/3055399.3055465},
  timestamp = {Sat, 09 Apr 2022 12:33:38 +0200},
  biburl    = {https://dblp.org/rec/conf/stoc/CaiZ17.bib},
  bibsource = {dblp computer science bibliography, https://dblp.org}
}

@article{DuttingFKL20,
  author    = {Paul D{\"{u}}tting and
               Michal Feldman and
               Thomas Kesselheim and
               Brendan Lucier},
  title     = {Prophet Inequalities Made Easy: Stochastic Optimization by Pricing
               Nonstochastic Inputs},
  journal   = {{SIAM} J. Comput.},
  volume    = {49},
  number    = {3},
  pages     = {540--582},
  year      = {2020},
  url       = {https://doi.org/10.1137/20M1323850},
  doi       = {10.1137/20M1323850},
  timestamp = {Wed, 22 Jul 2020 22:23:05 +0200},
  biburl    = {https://dblp.org/rec/journals/siamcomp/DuttingFKL20.bib},
  bibsource = {dblp computer science bibliography, https://dblp.org}
}

@inproceedings{Yan11,
  author    = {Qiqi Yan},
  editor    = {Dana Randall},
  title     = {Mechanism Design via Correlation Gap},
  booktitle = {Proceedings of the Twenty-Second Annual {ACM-SIAM} Symposium on Discrete
               Algorithms, {SODA} 2011, San Francisco, California, USA, January 23-25,
               2011},
  pages     = {710--719},
  publisher = {{SIAM}},
  year      = {2011},
  url       = {https://doi.org/10.1137/1.9781611973082.56},
  doi       = {10.1137/1.9781611973082.56},
  timestamp = {Tue, 02 Feb 2021 17:07:33 +0100},
  biburl    = {https://dblp.org/rec/conf/soda/Yan11.bib},
  bibsource = {dblp computer science bibliography, https://dblp.org}
}

@inproceedings{ChawlaHMS10,
  author    = {Shuchi Chawla and
               Jason D. Hartline and
               David L. Malec and
               Balasubramanian Sivan},
  editor    = {Leonard J. Schulman},
  title     = {Multi-parameter mechanism design and sequential posted pricing},
  booktitle = {Proceedings of the 42nd {ACM} Symposium on Theory of Computing, {STOC}
               2010, Cambridge, Massachusetts, USA, 5-8 June 2010},
  pages     = {311--320},
  publisher = {{ACM}},
  year      = {2010},
  url       = {https://doi.org/10.1145/1806689.1806733},
  doi       = {10.1145/1806689.1806733},
  timestamp = {Tue, 06 Nov 2018 11:07:04 +0100},
  biburl    = {https://dblp.org/rec/conf/stoc/ChawlaHMS10.bib},
  bibsource = {dblp computer science bibliography, https://dblp.org}
}

@article{Bondareva63,
title = {Some applications of linear programming to cooperative games},
author = {O.N. Bondareva},
journal = {Problemy Kibernetiki},
year = {1963}
}

@inproceedings{AlaeiHNPY15,
  author    = {Saeed Alaei and
               Jason D. Hartline and
               Rad Niazadeh and
               Emmanouil Pountourakis and
               Yang Yuan},
  editor    = {Venkatesan Guruswami},
  title     = {Optimal Auctions vs. Anonymous Pricing},
  booktitle = {{IEEE} 56th Annual Symposium on Foundations of Computer Science, {FOCS}
               2015, Berkeley, CA, USA, 17-20 October, 2015},
  pages     = {1446--1463},
  publisher = {{IEEE} Computer Society},
  year      = {2015},
  url       = {https://doi.org/10.1109/FOCS.2015.92},
  doi       = {10.1109/FOCS.2015.92},
  timestamp = {Thu, 14 Oct 2021 09:58:41 +0200},
  biburl    = {https://dblp.org/rec/conf/focs/AlaeiHNPY15.bib},
  bibsource = {dblp computer science bibliography, https://dblp.org}
}

@inproceedings{DevanurMSW15,
  author    = {Nikhil R. Devanur and
               Jamie Morgenstern and
               Vasilis Syrgkanis and
               S. Matthew Weinberg},
  editor    = {Tim Roughgarden and
               Michal Feldman and
               Michael Schwarz},
  title     = {Simple Auctions with Simple Strategies},
  booktitle = {Proceedings of the Sixteenth {ACM} Conference on Economics and Computation,
               {EC} '15, Portland, OR, USA, June 15-19, 2015},
  pages     = {305--322},
  publisher = {{ACM}},
  year      = {2015},
  url       = {https://doi.org/10.1145/2764468.2764484},
  doi       = {10.1145/2764468.2764484},
  timestamp = {Tue, 27 Nov 2018 11:56:48 +0100},
  biburl    = {https://dblp.org/rec/conf/sigecom/DevanurMSW15.bib},
  bibsource = {dblp computer science bibliography, https://dblp.org}
}

@inproceedings{SyrgkanisT13,
  author    = {Vasilis Syrgkanis and
               {\'{E}}va Tardos},
  editor    = {Dan Boneh and
               Tim Roughgarden and
               Joan Feigenbaum},
  title     = {Composable and efficient mechanisms},
  booktitle = {Symposium on Theory of Computing Conference, STOC'13, Palo Alto, CA,
               USA, June 1-4, 2013},
  pages     = {211--220},
  publisher = {{ACM}},
  year      = {2013},
  url       = {https://doi.org/10.1145/2488608.2488635},
  doi       = {10.1145/2488608.2488635},
  timestamp = {Tue, 06 Nov 2018 11:07:05 +0100},
  biburl    = {https://dblp.org/rec/conf/stoc/SyrgkanisT13.bib},
  bibsource = {dblp computer science bibliography, https://dblp.org}
}

@article{Shapley67,
author = {L.S. Shapley},
title = {On Balanced Sets and Cores},
journal = {Naval Res.~Logistics Q.},
year = {1967},
volume = {14},
pages = {453--460}
}

@inproceedings{EzraFNTW19,
  author    = {Tomer Ezra and
               Michal Feldman and
               Eric Neyman and
               Inbal Talgam{-}Cohen and
               S. Matthew Weinberg},
  editor    = {David Zuckerman},
  title     = {Settling the Communication Complexity of Combinatorial Auctions with
               Two Subadditive Buyers},
  booktitle = {60th {IEEE} Annual Symposium on Foundations of Computer Science, {FOCS}
               2019, Baltimore, Maryland, USA, November 9-12, 2019},
  pages     = {249--272},
  publisher = {{IEEE} Computer Society},
  year      = {2019},
  url       = {https://doi.org/10.1109/FOCS.2019.00025},
  doi       = {10.1109/FOCS.2019.00025},
  timestamp = {Wed, 10 Mar 2021 08:33:55 +0100},
  biburl    = {https://dblp.org/rec/conf/focs/EzraFNTW19.bib},
  bibsource = {dblp computer science bibliography, https://dblp.org}
}

@article{FeigeV10,
author = {Feige, Uriel and Vondr√°k, Jan},
year = {2010},
pages = {247-290},
title = {The Submodular Welfare Problem with Demand Queries.},
volume = {6},
journal = {Theory of Computing},
doi = {10.4086/toc.2010.v006a011}
}

@article{EdenFFTW21,
  author    = {Alon Eden and
               Michal Feldman and
               Ophir Friedler and
               Inbal Talgam{-}Cohen and
               S. Matthew Weinberg},
  title     = {A Simple and Approximately Optimal Mechanism for a Buyer with Complements},
  journal   = {Oper. Res.},
  volume    = {69},
  number    = {1},
  pages     = {188--206},
  year      = {2021},
  url       = {https://doi.org/10.1287/opre.2020.2039},
  doi       = {10.1287/opre.2020.2039},
  timestamp = {Wed, 07 Apr 2021 16:00:41 +0200},
  biburl    = {https://dblp.org/rec/journals/ior/EdenFFTW21.bib},
  bibsource = {dblp computer science bibliography, https://dblp.org}
}

@inproceedings{FeldmanFMR16,
  author    = {Michal Feldman and
               Ophir Friedler and
               Jamie Morgenstern and
               Guy Reiner},
  editor    = {Vincent Conitzer and
               Dirk Bergemann and
               Yiling Chen},
  title     = {Simple Mechanisms for Agents with Complements},
  booktitle = {Proceedings of the 2016 {ACM} Conference on Economics and Computation,
               {EC} '16, Maastricht, The Netherlands, July 24-28, 2016},
  pages     = {251--267},
  publisher = {{ACM}},
  year      = {2016},
  url       = {https://doi.org/10.1145/2940716.2940735},
  doi       = {10.1145/2940716.2940735},
  timestamp = {Fri, 09 Jul 2021 11:46:27 +0200},
  biburl    = {https://dblp.org/rec/conf/sigecom/FeldmanFMR16.bib},
  bibsource = {dblp computer science bibliography, https://dblp.org}
}

@article{DobzinskiNS12,
  author    = {Shahar Dobzinski and
               Noam Nisan and
               Michael Schapira},
  title     = {Truthful randomized mechanisms for combinatorial auctions},
  journal   = {J. Comput. Syst. Sci.},
  volume    = {78},
  number    = {1},
  pages     = {15--25},
  year      = {2012},
  url       = {https://doi.org/10.1016/j.jcss.2011.02.010},
  doi       = {10.1016/j.jcss.2011.02.010},
  timestamp = {Tue, 16 Feb 2021 14:04:07 +0100},
  biburl    = {https://dblp.org/rec/journals/jcss/DobzinskiNS12.bib},
  bibsource = {dblp computer science bibliography, https://dblp.org}
}

@inproceedings{AssadiKS21,
  author    = {Sepehr Assadi and
               Thomas Kesselheim and
               Sahil Singla},
  editor    = {D{\'{a}}niel Marx},
  title     = {Improved Truthful Mechanisms for Subadditive Combinatorial Auctions:
               Breaking the Logarithmic Barrier},
  booktitle = {Proceedings of the 2021 {ACM-SIAM} Symposium on Discrete Algorithms,
               {SODA} 2021, Virtual Conference, January 10 - 13, 2021},
  pages     = {653--661},
  publisher = {{SIAM}},
  year      = {2021},
  url       = {https://doi.org/10.1137/1.9781611976465.40},
  doi       = {10.1137/1.9781611976465.40},
  timestamp = {Thu, 15 Jul 2021 13:48:55 +0200},
  biburl    = {https://dblp.org/rec/conf/soda/AssadiKS21.bib},
  bibsource = {dblp computer science bibliography, https://dblp.org}
}

@inproceedings{ChawlaM16,
  author    = {Shuchi Chawla and
               J. Benjamin Miller},
  editor    = {Vincent Conitzer and
               Dirk Bergemann and
               Yiling Chen},
  title     = {Mechanism Design for Subadditive Agents via an Ex Ante Relaxation},
  booktitle = {Proceedings of the 2016 {ACM} Conference on Economics and Computation,
               {EC} '16, Maastricht, The Netherlands, July 24-28, 2016},
  pages     = {579--596},
  publisher = {{ACM}},
  year      = {2016},
  url       = {https://doi.org/10.1145/2940716.2940756},
  doi       = {10.1145/2940716.2940756},
  timestamp = {Fri, 09 Jul 2021 11:46:27 +0200},
  biburl    = {https://dblp.org/rec/conf/sigecom/ChawlaM16.bib},
  bibsource = {dblp computer science bibliography, https://dblp.org}
}

@inproceedings{FengHL19,
  author    = {Yiding Feng and
               Jason D. Hartline and
               Yingkai Li},
  editor    = {Anna Karlin and
               Nicole Immorlica and
               Ramesh Johari},
  title     = {Optimal Auctions vs. Anonymous Pricing: Beyond Linear Utility},
  booktitle = {Proceedings of the 2019 {ACM} Conference on Economics and Computation,
               {EC} 2019, Phoenix, AZ, USA, June 24-28, 2019},
  pages     = {885--886},
  publisher = {{ACM}},
  year      = {2019},
  url       = {https://doi.org/10.1145/3328526.3329603},
  doi       = {10.1145/3328526.3329603},
  timestamp = {Wed, 26 Jun 2019 19:12:05 +0200},
  biburl    = {https://dblp.org/rec/conf/ec/FengHL19.bib},
  bibsource = {dblp computer science bibliography, https://dblp.org}
}

@article{KleinbergW19,
  author    = {Robert Kleinberg and
               S. Matthew Weinberg},
  title     = {Matroid prophet inequalities and applications to multi-dimensional
               mechanism design},
  journal   = {Games Econ. Behav.},
  volume    = {113},
  pages     = {97--115},
  year      = {2019},
  url       = {https://doi.org/10.1016/j.geb.2014.11.002},
  doi       = {10.1016/j.geb.2014.11.002},
  timestamp = {Sat, 22 Feb 2020 13:48:13 +0100},
  biburl    = {https://dblp.org/rec/journals/geb/KleinbergW19.bib},
  bibsource = {dblp computer science bibliography, https://dblp.org}
}


@inproceedings{JinJLZ21,
  author    = {Yaonan Jin and
               Shunhua Jiang and
               Pinyan Lu and
               Hengjie Zhang},
  editor    = {P{\'{e}}ter Bir{\'{o}} and
               Shuchi Chawla and
               Federico Echenique},
  title     = {Tight Revenue Gaps among Multi-Unit Mechanisms},
  booktitle = {{EC} '21: The 22nd {ACM} Conference on Economics and Computation,
               Budapest, Hungary, July 18-23, 2021},
  pages     = {654--673},
  publisher = {{ACM}},
  year      = {2021},
  url       = {https://doi.org/10.1145/3465456.3467621},
  doi       = {10.1145/3465456.3467621},
  timestamp = {Wed, 21 Jul 2021 16:15:54 +0200},
  biburl    = {https://dblp.org/rec/conf/sigecom/JinJLZ21.bib},
  bibsource = {dblp computer science bibliography, https://dblp.org}
}

@inproceedings{JinLQTX19,
  author    = {Yaonan Jin and
               Pinyan Lu and
               Qi Qi and
               Zhihao Gavin Tang and
               Tao Xiao},
  editor    = {Moses Charikar and
               Edith Cohen},
  title     = {Tight approximation ratio of anonymous pricing},
  booktitle = {Proceedings of the 51st Annual {ACM} {SIGACT} Symposium on Theory
               of Computing, {STOC} 2019, Phoenix, AZ, USA, June 23-26, 2019},
  pages     = {674--685},
  publisher = {{ACM}},
  year      = {2019},
  url       = {https://doi.org/10.1145/3313276.3316331},
  doi       = {10.1145/3313276.3316331},
  timestamp = {Thu, 16 Apr 2020 08:52:28 +0200},
  biburl    = {https://dblp.org/rec/conf/stoc/JinLQTX19.bib},
  bibsource = {dblp computer science bibliography, https://dblp.org}
}

@inproceedings{JinLTX19,
  author    = {Yaonan Jin and
               Pinyan Lu and
               Zhihao Gavin Tang and
               Tao Xiao},
  editor    = {Timothy M. Chan},
  title     = {Tight Revenue Gaps among Simple Mechanisms},
  booktitle = {Proceedings of the Thirtieth Annual {ACM-SIAM} Symposium on Discrete
               Algorithms, {SODA} 2019, San Diego, California, USA, January 6-9,
               2019},
  pages     = {209--228},
  publisher = {{SIAM}},
  year      = {2019},
  url       = {https://doi.org/10.1137/1.9781611975482.14},
  doi       = {10.1137/1.9781611975482.14},
  timestamp = {Thu, 15 Jul 2021 13:49:04 +0200},
  biburl    = {https://dblp.org/rec/conf/soda/JinLTX19.bib},
  bibsource = {dblp computer science bibliography, https://dblp.org}
}

@article{Li17,
author = {Shengwu Li},
title = {Obviously Strategyproof Mechanisms},
journal = {American Economics Review},
year = {2017},
volume = {107},
number = {11},
pages = {3257--3287}
}

@inproceedings{PyciaT19,
  author    = {Marek Pycia and
               Peter Troyan},
  editor    = {Anna Karlin and
               Nicole Immorlica and
               Ramesh Johari},
  title     = {Obvious Dominance and Random Priority},
  booktitle = {Proceedings of the 2019 {ACM} Conference on Economics and Computation,
               {EC} 2019, Phoenix, AZ, USA, June 24-28, 2019},
  pages     = {1},
  publisher = {{ACM}},
  year      = {2019},
  url       = {https://doi.org/10.1145/3328526.3329613},
  doi       = {10.1145/3328526.3329613},
  timestamp = {Thu, 14 Oct 2021 09:47:10 +0200},
  biburl    = {https://dblp.org/rec/conf/ec/PyciaT19.bib},
  bibsource = {dblp computer science bibliography, https://dblp.org}
}

@inproceedings{FeigeI13,
  author    = {Uriel Feige and
               Rani Izsak},
  editor    = {Robert D. Kleinberg},
  title     = {Welfare maximization and the supermodular degree},
  booktitle = {Innovations in Theoretical Computer Science, {ITCS} '13, Berkeley,
               CA, USA, January 9-12, 2013},
  pages     = {247--256},
  publisher = {{ACM}},
  year      = {2013},
  url       = {https://doi.org/10.1145/2422436.2422466},
  doi       = {10.1145/2422436.2422466},
  timestamp = {Tue, 06 Nov 2018 11:07:34 +0100},
  biburl    = {https://dblp.org/rec/conf/innovations/FeigeI13.bib},
  bibsource = {dblp computer science bibliography, https://dblp.org}
}

@inproceedings{FeldmanI14,
  author    = {Moran Feldman and
               Rani Izsak},
  editor    = {Klaus Jansen and
               Jos{\'{e}} D. P. Rolim and
               Nikhil R. Devanur and
               Cristopher Moore},
  title     = {Constrained Monotone Function Maximization and the Supermodular Degree},
  booktitle = {Approximation, Randomization, and Combinatorial Optimization. Algorithms
               and Techniques, {APPROX/RANDOM} 2014, September 4-6, 2014, Barcelona,
               Spain},
  series    = {LIPIcs},
  volume    = {28},
  pages     = {160--175},
  publisher = {Schloss Dagstuhl - Leibniz-Zentrum f{\"{u}}r Informatik},
  year      = {2014},
  url       = {https://doi.org/10.4230/LIPIcs.APPROX-RANDOM.2014.160},
  doi       = {10.4230/LIPIcs.APPROX-RANDOM.2014.160},
  timestamp = {Tue, 21 Sep 2021 09:36:24 +0200},
  biburl    = {https://dblp.org/rec/conf/approx/FeldmanI14.bib},
  bibsource = {dblp computer science bibliography, https://dblp.org}
}

@inproceedings{FeigeFIILS15,
  author    = {Uriel Feige and
               Michal Feldman and
               Nicole Immorlica and
               Rani Izsak and
               Brendan Lucier and
               Vasilis Syrgkanis},
  editor    = {Blai Bonet and
               Sven Koenig},
  title     = {A Unifying Hierarchy of Valuations with Complements and Substitutes},
  booktitle = {Proceedings of the Twenty-Ninth {AAAI} Conference on Artificial Intelligence,
               January 25-30, 2015, Austin, Texas, {USA}},
  pages     = {872--878},
  publisher = {{AAAI} Press},
  year      = {2015},
  url       = {http://www.aaai.org/ocs/index.php/AAAI/AAAI15/paper/view/9760},
  timestamp = {Wed, 10 Feb 2021 08:43:43 +0100},
  biburl    = {https://dblp.org/rec/conf/aaai/FeigeFIILS15.bib},
  bibsource = {dblp computer science bibliography, https://dblp.org}
}

@article{FeigeFT16,
  title={Oblivious Rounding and the Integrality Gap},
  author={Uriel Feige and Michal Feldman and Inbal Talgam-Cohen},
  journal={Approximation, Randomization, and Combinatorial Optimization. Algorithms and Techniques},
  year={2016},
  doi = {10.4230/LIPIcs.APPROX-RANDOM.2016.8}
}

@article{BhawalkarR11,
author = {Bhawalkar, Kshipra and Roughgarden, Tim},
year = {2011},
pages = {700-709},
title = {Welfare Guarantees for Combinatorial Auctions with Item Bidding},
journal = {Proceedings of the Annual ACM-SIAM Symposium on Discrete Algorithms},
doi = {10.1137/1.9781611973082.55}
}

@article{Vondrak10,
author = {Vondr√°k, Jan},
year = {2010},
title = {A note on concentration of submodular functions}, 
journal = {CoRR},
url = {https://arxiv.org/abs/1005.2791}
}

@article{BoucheronLM09,
author = {Boucheron, St√©phane and Lugosi, G√°bor and Massart, Pascal},
year = {2009},
title = {On concentration of self-bounding functions},
volume = {14},
journal = {Electronic Journal of Probability},
doi = {10.1214/EJP.v14-690}
}

@inproceedings{AbrahamBDR12,
  author    = {Ittai Abraham and
               Moshe Babaioff and
               Shaddin Dughmi and
               Tim Roughgarden},
  editor    = {Boi Faltings and
               Kevin Leyton{-}Brown and
               Panos Ipeirotis},
  title     = {Combinatorial auctions with restricted complements},
  booktitle = {Proceedings of the 13th {ACM} Conference on Electronic Commerce, {EC}
               2012, Valencia, Spain, June 4-8, 2012},
  pages     = {3--16},
  publisher = {{ACM}},
  year      = {2012},
  url       = {https://doi.org/10.1145/2229012.2229016},
  doi       = {10.1145/2229012.2229016},
  timestamp = {Tue, 27 Nov 2018 11:56:48 +0100},
  biburl    = {https://dblp.org/rec/conf/sigecom/AbrahamBDR12.bib},
  bibsource = {dblp computer science bibliography, https://dblp.org}
}

@inproceedings{FeldmanI17,
  author    = {Moran Feldman and
               Rani Izsak},
  editor    = {Philip N. Klein},
  title     = {Building a Good Team: Secretary Problems and the Supermodular Degree},
  booktitle = {Proceedings of the Twenty-Eighth Annual {ACM-SIAM} Symposium on Discrete
               Algorithms, {SODA} 2017, Barcelona, Spain, Hotel Porta Fira, January
               16-19},
  pages     = {1651--1670},
  publisher = {{SIAM}},
  year      = {2017},
  url       = {https://doi.org/10.1137/1.9781611974782.109},
  doi       = {10.1137/1.9781611974782.109},
  timestamp = {Tue, 02 Feb 2021 17:07:42 +0100},
  biburl    = {https://dblp.org/rec/conf/soda/FeldmanI17.bib},
  bibsource = {dblp computer science bibliography, https://dblp.org}
}

@article{Azuma,
author = {Vondrak, Jan and Widgerson, Yuval},
year = {2018},
title = {Lecture Notes for \textit{Concentration of Measure, MAT233, Stanford University}}, 
url = {https://theory.stanford.edu/~jvondrak/MATH233-2018/Math233-notes.pdf},
journal = {CoRR}
}

@article{DuttingK22,
  author    = {Paul D{\"{u}}tting and
               Thomas Kesselheim},
  title     = {Best-response dynamics in combinatorial auctions with item bidding},
  journal   = {Games Econ. Behav.},
  volume    = {134},
  pages     = {428--448},
  year      = {2022},
  url       = {https://doi.org/10.1016/j.geb.2020.09.006},
  doi       = {10.1016/j.geb.2020.09.006},
  timestamp = {Tue, 28 Jun 2022 21:08:15 +0200},
  biburl    = {https://dblp.org/rec/journals/geb/DuttingK22.bib},
  bibsource = {dblp computer science bibliography, https://dblp.org}
}

@article{scheduling,
author = {Fotakis, Dimitris and Matuschke, Jannik and Papadigenopoulos,Orestis},
title = {Assigning and Scheduling Generalized Malleable Jobs under Submodular Processing Speeds},
year = {2021},
url ={https://arxiv.org/pdf/2111.06225.pdf},
journal = {CoRR}
}

@article{BoucheronLM00,
  author    = {S. Boucheron and G. Lugosi and P. Massart},
  title     = {A sharp concentration inequality with applications},
  journal   = {Random Struct. Algorithms},
  volume    = {16},
  pages     = {277--292},
  year      = {2000}
}

@article{McDiarmidR06,
  author    = {Colin McDiarmid and
               Bruce A. Reed},
  title     = {Concentration for self-bounding functions and an inequality of Talagrand},
  journal   = {Random Struct. Algorithms},
  volume    = {29},
  number    = {4},
  pages     = {549--557},
  year      = {2006},
  url       = {https://doi.org/10.1002/rsa.20145},
  doi       = {10.1002/rsa.20145},
  timestamp = {Fri, 26 May 2017 22:50:39 +0200},
  biburl    = {https://dblp.org/rec/journals/rsa/McDiarmidR06.bib},
  bibsource = {dblp computer science bibliography, https://dblp.org}
}

@incollection{schectman,
title = {Chapter 37 - Concentration, Results and Applications},
series = {Handbook of the Geometry of Banach Spaces},
publisher = {Elsevier Science B.V.},
pages = {1603-1634},
year = {2003},
doi = {https://doi.org/10.1016/S1874-5849(03)80044-X},
author = {Gideon Schechtman},
}

@article{Talagrand01,
author = {Talagrand, Michel},
year = {2001},
title = {Concentration Of Measure And Isoperimetric Inequalities In Product Spaces},
volume = {81},
journal = {Publications math√©matiques de l'IH√âS},
url = {https://arxiv.org/abs/math/9406212}
}

@article{Dembo97,
  title={Information inequalities and concentration of measure},
  author={Amir Dembo},
  journal={Annals of Probability},
  year={1997},
  volume={25},
  pages={927-939},
  url = {https://www.jstor.org/stable/2959616?seq=1}
}

@article{Talagrand96,
  title={New concentration inequalities in product spaces},
  author={Michel Talagrand},
  journal={Inventiones mathematicae},
  year={1996},
  volume={126},
  pages={505-563},
  doi = {10.1007/s002220050108}
}

@book{AGTbook,
author = {Nisan, Noam and Roughgarden, Tim and Tardos, √âva and Vazirani, Vijay},
year = {2007},
pages = {},
title = {Algorithmic Game Theory},
publisher = {Cambridge University Press}
}

@inproceedings{DuttingKL20,
  author    = {Paul D{\"{u}}tting and
               Thomas Kesselheim and
               Brendan Lucier},
  editor    = {Sandy Irani},
  title     = {An O(log log m) Prophet Inequality for Subadditive Combinatorial Auctions},
  booktitle = {61st {IEEE} Annual Symposium on Foundations of Computer Science, {FOCS}
               2020, Durham, NC, USA, November 16-19, 2020},
  pages     = {306--317},
  publisher = {{IEEE}},
  year      = {2020},
  url       = {https://doi.org/10.1109/FOCS46700.2020.00037},
  doi       = {10.1109/FOCS46700.2020.00037},
  timestamp = {Wed, 15 Dec 2021 10:49:16 +0100},
  biburl    = {https://dblp.org/rec/conf/focs/DuttingKL20.bib},
  bibsource = {dblp computer science bibliography, https://dblp.org}
}

@article{FeldmanGL15,
author = {Feldman, Michal and Gravin, Nick and Lucier, Brendan},
year = {2015},
title = {Combinatorial Auctions via Posted Prices},
journal = {Proceedings of the Annual ACM-SIAM Symposium on Discrete Algorithms},
doi = {10.1137/1.9781611973730.10}
}

@book{Bradley77,
  title={Applied Mathematical Programming},
  author={Stephen P. Bradley and Arnoldo C. Hax and Thomas L. Magnanti},
  year={1977},
  publisher = {Addison-Wesley Pub. Co.},
  url = {http://web.mit.edu/15.053/www/AMP.htm}
}

@book{Mitzenmacher05,
  title={Probability and Computing: Randomized Algorithms and Probabilistic Analysis},
  author={Michael Mitzenmacher and Eli Upfal},
  year={2005},
  publisher = {Cambridge University Press}
}

@article{AssadiKSW20,
author = {Assadi, Sepehr and Khandeparkar, Hrishikesh and Saxena, Raghuvansh and Weinberg, S.},
year = {2020},
pages = {1073-1085},
title = {Separating the communication complexity of truthful and non-truthful combinatorial auctions},
journal = {Proceedings of the 52nd Annual ACM SIGACT Symposium on Theory of Computing},
doi = {10.1145/3357713.3384267}
}

@article{Dobzinski16,
  title={Computational Efficiency Requires Simple Taxation},
  author={Shahar Dobzinski},
  journal={Proceedings of The 2016 IEEE 57th Annual Symposium on Foundations of Computer Science},
  year={2016},
  pages={209-218},
  url = {https://arxiv.org/pdf/1604.01971.pdf}
}
@article{communicationcomplexitydesigners,
author = {Roughgarden, Tim},
year = {2015},
title = {Communication Complexity (for Algorithm Designers)},
volume = {11},
journal = {Foundations and Trends¬Æ in Theoretical Computer Science},
doi = {10.1561/0400000076}
}
@article{RubinsteinW18,
  title={Simple Mechanisms for a Subadditive Buyer and Applications to Revenue Monotonicity},
  author={Aviad Rubinstein and S. Matthew Weinberg},
  journal={ACM Transactions on Economics and Computation},
  year={2018},
  volume={6},
  pages={1 - 25},
  doi = {10.1145/3105448}
}

@article{KothariMSSW19,
  title={Approximation Schemes for a Unit-Demand Buyer with Independent Items via Symmetries},
  author={Pravesh Kothari and Divyarthi Mohan and Ariel Schvartzman and Sahil Singla and S. Matthew Weinberg},
  journal={Proceedings of The 2019 IEEE 60th Annual Symposium on Foundations of Computer Science},
  year={2019},
  pages={220-232},
  doi = {10.1109/FOCS.2019.00023}
}

@article{FeldmanV13,
  title={Optimal Bounds on Approximation of Submodular and XOS Functions by Juntas},
  author={Vitaly Feldman and Jan Vondr{\'a}k},
  journal={Proceedings of the 2013 IEEE 54th Annual Symposium on Foundations of Computer Science},
  year={2013},
  pages={227-236},
  doi={10.1109/ITA.2014.6804263}
}
@article{BalcanH11,
author = {Balcan, Maria-Florina and Harvey, Nicholas J.A.},
title = {Learning Submodular Functions},
year = {2011},
doi = {10.1145/1993636.1993741},
pages = {793‚Äì802},
journal = {Proceedings of The 43rd ACM Symposium on Theory of Computing}
}

@article{FairsteinKS21,
  title={Modular and Submodular Optimization with Multiple Knapsack Constraints via Fractional Grouping},
  author={Yaron Fairstein and Ariel Kulik and Hadas Shachnai},
  journal={29th Annual European Symposium on Algorithms},
  year={2021},
  doi  ={10.4230/LIPIcs.ESA.2021.41}
}

@article{Roughgarden14,
author = {Roughgarden, Tim},
year = {2014},
pages = {71-80},
title = {Barriers to Near-Optimal Equilibria},
journal = {Proceedings of The Annual IEEE Symposium on Foundations of Computer Science},
doi = {10.1109/FOCS.2014.16}
}

@article{RoughgardenST16,
author = {Roughgarden, Tim and Syrgkanis, Vasilis and Tardos, √âva},
year = {2016},
title = {The Price of Anarchy in Auctions},
volume = {59},
journal = {Journal of Artificial Intelligence Research},
doi = {10.1613/jair.5272}
}