@article{das2024nearly,
	title={Nearly-Tight Bounds for Flow Sparsifiers in Quasi-Bipartite Graphs},
	author={Das, Syamantak and Kumar, Nikhil and Vaz, Daniel},
	journal={arXiv preprint arXiv:2407.09433},
	year={2024}
}

@inproceedings{abraham2016fully,
	title={On fully dynamic graph sparsifiers},
	author={Abraham, Ittai and Durfee, David and Koutis, Ioannis and Krinninger, Sebastian and Peng, Richard},
	booktitle={2016 IEEE 57th Annual Symposium on Foundations of Computer Science (FOCS)},
	pages={335--344},
	year={2016},
	organization={IEEE}
}

@inproceedings{jambulapati2023sparsifying,
	title={Sparsifying sums of norms},
	author={Jambulapati, Arun and Lee, James R and Liu, Yang P and Sidford, Aaron},
	booktitle={2023 IEEE 64th Annual Symposium on Foundations of Computer Science (FOCS)},
	pages={1953--1962},
	year={2023},
	organization={IEEE}
}

@article{dubhashi1996balls,
  title={Balls and bins: A study in negative dependence},
  author={Dubhashi, Devdatt P and Ranjan, Desh},
  journal={BRICS Report Series},
  volume={3},
  number={25},
  year={1996}
}

@inproceedings{chen20241+,
	title={On (1+ eps)-Approximate Flow Sparsifiers},
	author={Chen, Yu and Tan, Zihan},
	booktitle={Proceedings of the 2024 Annual ACM-SIAM Symposium on Discrete Algorithms (SODA)},
	pages={1568--1605},
	year={2024},
	organization={SIAM}
}

@article{chen2024lower,
	title={Lower Bounds on $0$-Extension with Steiner Nodes},
	author={Chen, Yu and Tan, Zihan},
	journal={arXiv preprint arXiv:2401.09585},
	year={2024}
}

@article{sauer1972density,
	title={On the density of families of sets},
	author={Sauer, Norbert},
	journal={Journal of Combinatorial Theory, Series A},
	volume={13},
	number={1},
	pages={145--147},
	year={1972},
	publisher={Elsevier}
}

@article{shelah1972combinatorial,
	title={A combinatorial problem; stability and order for models and theories in infinitary languages},
	author={Shelah, Saharon},
	journal={Pacific Journal of Mathematics},
	volume={41},
	number={1},
	pages={247--261},
	year={1972},
	publisher={Mathematical Sciences Publishers}
}

@article{thorup2004compact,
	title={Compact oracles for reachability and approximate distances in planar digraphs},
	author={Thorup, Mikkel},
	journal={Journal of the ACM (JACM)},
	volume={51},
	number={6},
	pages={993--1024},
	year={2004},
	publisher={ACM New York, NY, USA}
}

@article{klein1998fully,
	title = {A Fully Dynamic Approximation Scheme for Shortest Paths in Planar Graphs},
	author = {Klein, P. N. and Subramanian, S.},
	year = {1998},
	journal = {Algorithmica},
	volume = {22},
	number = {3},
	pages = {235--249},
	issn = {0178-4617},
	doi = {10.1007/PL00009223},
	langid = {english}
}

@inproceedings{chang2022near,
	title={Near-linear $\varepsilon$-emulators for planar graphs},
	author={Chang, Hsien-Chih and Krauthgamer, Robert and Tan, Zihan},
	booktitle={Proceedings of the 54th Annual ACM SIGACT Symposium on Theory of Computing},
	year={2022}
}

@inproceedings{chen20241+,
	title={On $(1+\eps)$-Approximate Flow Sparsifiers},
	author={Chen, Yu and Tan, Zihan},
	booktitle={Proceedings of the 2024 Annual ACM-SIAM Symposium on Discrete Algorithms (SODA)},
	pages={1568--1605},
	year={2024},
	organization={SIAM}
}

@inproceedings{kratsch2012representative,
	title={Representative sets and irrelevant vertices: New tools for kernelization},
	author={Kratsch, Stefan and Wahlstr{\"o}m, Magnus},
	booktitle={2012 IEEE 53rd Annual Symposium on Foundations of Computer Science},
	pages={450--459},
	year={2012},
	organization={IEEE}
}

@inproceedings{chalermsook2021vertex,
	title={Vertex sparsification for edge connectivity},
	author={Chalermsook, Parinya and Das, Syamantak and Kook, Yunbum and Laekhanukit, Bundit and Liu, Yang P and Peng, Richard and Sellke, Mark and Vaz, Daniel},
	booktitle={Proceedings of the 2021 ACM-SIAM Symposium on Discrete Algorithms (SODA)},
	pages={1206--1225},
	year={2021},
	organization={SIAM}
}

@article{liu2020vertex,
	title={Vertex sparsification for edge connectivity in polynomial time},
	author={Liu, Yang P},
	journal={arXiv preprint arXiv:2011.15101},
	year={2020}
}

@book{dress2012basic,
	title={Basic phylogenetic combinatorics},
	author={Dress, Andreas and Huber, Katharina T and Koolen, Jacobus and Moulton, Vincent and Spillner, Andreas},
	year={2012},
	publisher={Cambridge University Press}
}

@book{dress2001hereditarily,
	title={Hereditarily optimal realizations: Why are they relevant in phylogenetic analysis, and how does one compute them},
	author={Dress, Andreas and Huber, Katharina T and Moulton, Vincent},
	year={2001},
	publisher={Springer}
}

@article{dress2006hereditarily,
	title={Hereditarily optimal realizations of consistent metrics},
	author={Dress, Andreas and Huber, Katharina T and Lesser, Alice and Moulton, Vincent},
	journal={Annals of Combinatorics},
	volume={10},
	number={1},
	pages={63--76},
	year={2006},
	publisher={Birkh  user-Verlag, Basel}
}

@article{koolen2007concerning,
	title={Concerning the relationship between realizations and tight spans of finite metrics},
	author={Koolen, Jack and Lesser, Alice and Moulton, Vincent},
	journal={Discrete \& Computational Geometry},
	volume={38},
	number={3},
	pages={605--614},
	year={2007},
	publisher={Springer}
}

@article{huber2008characterizing,
	title={Characterizing cell-decomposable metrics},
	author={Huber, Katharina T and Koolen, Jacobus and Moulton, Vincent and Spillner, Andreas},
	journal={the electronic journal of combinatorics},
	volume={15},
	number={1},
	pages={N7},
	year={2008}
}

@article{huber2021optimal,
	title={Optimal realizations and the block decomposition of a finite metric space},
	author={Huber, Katharina T and Moulton, Vincent and Spillner, Andreas},
	journal={Discrete Applied Mathematics},
	volume={302},
	pages={103--113},
	year={2021},
	publisher={Elsevier}
}

@article{dress1996t,
	title={T-theory: an overview},
	author={Dress, Andreas and Moulton, Vincent and Terhalle, Werner},
	journal={European Journal of Combinatorics},
	volume={17},
	number={2-3},
	pages={161--175},
	year={1996},
	publisher={Academic Press}
}

@article{dress1984trees,
	title={Trees, tight extensions of metric spaces, and the cohomological dimension of certain groups: a note on combinatorial properties of metric spaces},
	author={Dress, Andreas WM},
	journal={Advances in Mathematics},
	volume={53},
	number={3},
	pages={321--402},
	year={1984},
	publisher={Elsevier}
}

@article{ahmed2020graph,
	title={Graph spanners: A tutorial review},
	author={Ahmed, Reyan and Bodwin, Greg and Sahneh, Faryad Darabi and Hamm, Keaton and Jebelli, Mohammad Javad Latifi and Kobourov, Stephen and Spence, Richard},
	journal={Computer Science Review},
	volume={37},
	pages={100253},
	year={2020},
	publisher={Elsevier}
}

@inproceedings{goranci2021expander,
	title={The expander hierarchy and its applications to dynamic graph algorithms},
	author={Goranci, Gramoz and R{\"a}cke, Harald and Saranurak, Thatchaphol and Tan, Zihan},
	booktitle={Proceedings of the 2021 ACM-SIAM Symposium on Discrete Algorithms (SODA)},
	pages={2212--2228},
	year={2021},
	organization={SIAM}
}

@inproceedings{chen2020fast,
	title={Fast dynamic cuts, distances and effective resistances via vertex sparsifiers},
	author={Chen, Li and Goranci, Gramoz and Henzinger, Monika and Peng, Richard and Saranurak, Thatchaphol},
	booktitle={2020 IEEE 61st Annual Symposium on Foundations of Computer Science (FOCS)},
	pages={1135--1146},
	year={2020},
	organization={IEEE}
}

@inproceedings{durfee2019fully,
	title={Fully dynamic spectral vertex sparsifiers and applications},
	author={Durfee, David and Gao, Yu and Goranci, Gramoz and Peng, Richard},
	booktitle={Proceedings of the 51st Annual ACM SIGACT Symposium on Theory of Computing},
	pages={914--925},
	year={2019}
}

@inproceedings{goranci2017vertex,
	title={Vertex sparsification in trees},
	author={Goranci, Gramoz and R{\"a}cke, Harald},
	booktitle={Approximation and Online Algorithms: 14th International Workshop, WAOA 2016, Aarhus, Denmark, August 25--26, 2016, Revised Selected Papers},
	pages={103--115},
	year={2017},
	organization={Springer}
}

@article{koolen2009optimal,
	title={Optimal realizations of generic five-point metrics},
	author={Koolen, Jack and Lesser, Alice and Moulton, Vincent},
	journal={European Journal of Combinatorics},
	volume={30},
	number={5},
	pages={1164--1171},
	year={2009},
	publisher={Elsevier}
}

@article{kuszmaul2021multiplicative,
	title={The Multiplicative Version of Azuma's Inequality, with an Application to Contention Analysis},
	author={Kuszmaul, William and Qi, Qi},
	journal={arXiv preprint arXiv:2102.05077},
	year={2021}
}

@article{hagerup1998characterizing,
	title={Characterizing multiterminal flow networks and computing flows in networks of small treewidth},
	author={Hagerup, Torben and Katajainen, Jyrki and Nishimura, Naomi and Ragde, Prabhakar},
	journal={Journal of Computer and System Sciences},
	volume={57},
	number={3},
	pages={366--375},
	year={1998},
	publisher={Elsevier}
}

@article{erdos1960evolution,
	title={On the evolution of random graphs},
	author={Erdos, Paul and R{\'e}nyi, Alfr{\'e}d},
	journal={Publ. Math. Inst. Hung. Acad. Sci},
	volume={5},
	number={1},
	pages={17--60},
	year={1960}
}

@article{hagerup1998characterizing,
	title={Characterizing multiterminal flow networks and computing flows in networks of small treewidth},
	author={Hagerup, Torben and Katajainen, Jyrki and Nishimura, Naomi and Ragde, Prabhakar},
	journal={Journal of Computer and System Sciences},
	volume={57},
	number={3},
	pages={366--375},
	year={1998},
	publisher={Elsevier}
}

@article{khan2014mimicking,
	title={On mimicking networks representing minimum terminal cuts},
	author={Khan, Arindam and Raghavendra, Prasad},
	journal={Information Processing Letters},
	volume={114},
	number={7},
	pages={365--371},
	year={2014},
	publisher={Elsevier}
}

@article{karpov2017exponential,
	title={An exponential lower bound for cut sparsifiers in planar graphs},
	author={Karpov, Nikolai and Pilipczuk, Marcin and Zych-Pawlewicz, Anna},
	journal={arXiv preprint arXiv:1706.06086},
	year={2017}
}

@inproceedings{krauthgamer2013mimicking,
	title={Mimicking networks and succinct representations of terminal cuts},
	author={Krauthgamer, Robert and Rika, Inbal},
	booktitle={Proceedings of the twenty-fourth annual ACM-SIAM symposium on Discrete algorithms},
	pages={1789--1799},
	year={2013},
	organization={SIAM}
}

@article{goranci2017improved,
	title={Improved guarantees for vertex sparsification in planar graphs},
	author={Goranci, Gramoz and Henzinger, Monika and Peng, Pan},
	journal={arXiv preprint arXiv:1702.01136},
	year={2017}
}

@article{krauthgamer2017refined,
	title={Refined vertex sparsifiers of planar graphs},
	author={Krauthgamer, Robert and Rika, Inbal},
	journal={arXiv preprint arXiv:1702.05951},
	year={2017}
}

@article{gitler1993delta,
	title={Delta-Wye-Delta transformations: algorithms and applications.},
	author={Gitler, Isidoro},
	year={1993}
}

@article{khan2014mimicking,
	title={On mimicking networks representing minimum terminal cuts},
	author={Khan, Arindam and Raghavendra, Prasad},
	journal={Information Processing Letters},
	volume={114},
	number={7},
	pages={365--371},
	year={2014},
	publisher={Elsevier}
}

@inproceedings{moitra2009approximation,
	title={Approximation algorithms for multicommodity-type problems with guarantees independent of the graph size},
	author={Moitra, Ankur},
	booktitle={Foundations of Computer Science, 2009. FOCS'09. 50th Annual IEEE Symposium on},
	pages={3--12},
	year={2009},
	organization={IEEE}
}

@article{moitra2013vertex,
	title={Vertex sparsification and oblivious reductions},
	author={Moitra, Ankur},
	journal={SIAM Journal on Computing},
	volume={42},
	number={6},
	pages={2400--2423},
	year={2013},
	publisher={SIAM}
}

@inproceedings{fakcharoenphol2003improved,
	title={An improved approximation algorithm for the 0-extension problem},
	author={Fakcharoenphol, Jittat and Harrelson, Chris and Rao, Satish and Talwar, Kunal},
	booktitle={Proceedings of the fourteenth annual ACM-SIAM symposium on Discrete algorithms},
	pages={257--265},
	year={2003},
	organization={Society for Industrial and Applied Mathematics}
}

@article{leighton1999multicommodity,
	title={Multicommodity max-flow min-cut theorems and their use in designing approximation algorithms},
	author={Leighton, Tom and Rao, Satish},
	journal={Journal of the ACM (JACM)},
	volume={46},
	number={6},
	pages={787--832},
	year={1999},
	publisher={ACM}
}

@article{chuzhoy2014flow,
	title={Flows, Cuts and Integral Routing in Graphs
	- an Approximation Algorithmist's Perspective},
	author={Julia Chuzhoy},
	journal={Proc. of the International Congress of Mathematicians},
	volume={},
	number={},
	pages={585-607},
	year={2016},
	publisher={}
}

@inproceedings{racke2002minimizing,
	title={Minimizing congestion in general networks},
	author={Racke, Harald},
	booktitle={Foundations of Computer Science, 2002. Proceedings. The 43rd Annual IEEE Symposium on},
	pages={43--52},
	year={2002},
	organization={IEEE}
}

@inproceedings{leighton2010extensions,
	title={Extensions and limits to vertex sparsification},
	author={Leighton, F Thomson and Moitra, Ankur},
	booktitle={Proceedings of the forty-second ACM symposium on Theory of computing},
	pages={47--56},
	year={2010},
	organization={ACM}
}

@article{arora2009expander,
	title={Expander flows, geometric embeddings and graph partitioning},
	author={Arora, Sanjeev and Rao, Satish and Vazirani, Umesh},
	journal={Journal of the ACM (JACM)},
	volume={56},
	number={2},
	pages={5},
	year={2009},
	publisher={ACM}
}

@inproceedings{charikar2010vertex,
	title={Vertex sparsifiers and abstract rounding algorithms},
	author={Charikar, Moses and Leighton, Tom and Li, Shi and Moitra, Ankur},
	booktitle={Foundations of Computer Science (FOCS), 2010 51st Annual IEEE Symposium on},
	pages={265--274},
	year={2010},
	organization={IEEE}
}

@inproceedings{makarychev2010metric,
	title={Metric extension operators, vertex sparsifiers and lipschitz extendability},
	author={Makarychev, Konstantin and Makarychev, Yury},
	booktitle={Foundations of Computer Science (FOCS), 2010 51st Annual IEEE Symposium on},
	pages={255--264},
	year={2010},
	organization={IEEE}
}

@article{englert2014vertex,
	title={Vertex sparsifiers: New results from old techniques},
	author={Englert, Matthias and Gupta, Anupam and Krauthgamer, Robert and Racke, Harald and Talgam-Cohen, Inbal and Talwar, Kunal},
	journal={SIAM Journal on Computing},
	volume={43},
	number={4},
	pages={1239--1262},
	year={2014},
	publisher={SIAM}
}

@article{andersen2009interchanging,
	title={Interchanging distance and capacity in probabilistic mappings},
	author={Andersen, Reid and Feige, Uriel},
	journal={arXiv preprint arXiv:0907.3631},
	year={2009}
}

@inproceedings{gupta2001steiner,
	title={Steiner points in tree metrics don't (really) help},
	author={Gupta, Anupam},
	booktitle={Proceedings of the twelfth annual ACM-SIAM symposium on Discrete algorithms},
	pages={220--227},
	year={2001},
	organization={Society for Industrial and Applied Mathematics}
}

@incollection{chan2006tight,
	title={A tight lower bound for the steiner point removal problem on trees},
	author={Chan, T-H Hubert and Xia, Donglin and Konjevod, Goran and Richa, Andrea},
	booktitle={Approximation, Randomization, and Combinatorial Optimization. Algorithms and Techniques},
	pages={70--81},
	year={2006},
	publisher={Springer}
}

@article{basu2008steiner,
	title={Steiner point removal in graph metrics},
	author={Basu, Amitabh and Gupta, Anupam},
	journal={Unpublished Manuscript, available from http://www. math. ucdavis. edu/\~{} abasu/papers/SPR. pdf},
	year={2008}
}

@article{krauthgamer2014preserving,
	title={Preserving terminal distances using minors},
	author={Krauthgamer, Robert and Nguy?n, Huy L and Zondiner, Tamar},
	journal={SIAM Journal on Discrete Mathematics},
	volume={28},
	number={1},
	pages={127--141},
	year={2014},
	publisher={SIAM}
}

@article{coppersmith2006sparse,
	title={Sparse sourcewise and pairwise distance preservers},
	author={Coppersmith, Don and Elkin, Michael},
	journal={SIAM Journal on Discrete Mathematics},
	volume={20},
	number={2},
	pages={463--501},
	year={2006},
	publisher={SIAM}
}

@article{dor2000all,
	title={All-pairs almost shortest paths},
	author={Dor, Dorit and Halperin, Shay and Zwick, Uri},
	journal={SIAM Journal on Computing},
	volume={29},
	number={5},
	pages={1740--1759},
	year={2000},
	publisher={SIAM}
}

@inproceedings{woodruff2006lower,
	title={Lower bounds for additive spanners, emulators, and more},
	author={Woodruff, David P},
	booktitle={Foundations of Computer Science, 2006. FOCS'06. 47th Annual IEEE Symposium on},
	pages={389--398},
	year={2006},
	organization={IEEE}
}

@article{kamma2015cutting,
	title={Cutting corners cheaply, or how to remove steiner points},
	author={Kamma, Lior and Krauthgamer, Robert and Nguyen, Huy L},
	journal={SIAM Journal on Computing},
	volume={44},
	number={4},
	pages={975--995},
	year={2015},
	publisher={SIAM}
}

@inproceedings{cheung2018steiner,
	title={Steiner point removal: distant terminals don't (really) bother},
	author={Cheung, Yun Kuen},
	booktitle={Proceedings of the Twenty-Ninth Annual ACM-SIAM Symposium on Discrete Algorithms},
	pages={1353--1360},
	year={2018},
	organization={Society for Industrial and Applied Mathematics}
}

@inproceedings{filtser2018steiner,
	title={Steiner point removal with distortion O (log k)},
	author={Filtser, Arnold},
	booktitle={Proceedings of the Twenty-Ninth Annual ACM-SIAM Symposium on Discrete Algorithms},
	pages={1361--1373},
	year={2018},
	organization={Society for Industrial and Applied Mathematics}
}

@article{filtser2018noisy,
	title={Noisy Voronoi: a Simple Framework for Terminal-Clustering Problems},
	author={Filtser, Arnold and Krauthgamer, Robert and Trabelsi, Ohad},
	journal={arXiv preprint arXiv:1809.00942},
	year={2018}
}

@article{lee2004metric,
	title={Metric decomposition, smooth measures, and clustering},
	author={Lee, James R and Naor, Assaf},
	journal={Preprint},
	year={2004},
	publisher={Citeseer}
}

@article{cheung2016graph,
	title={Graph minors for preserving terminal distances approximately-lower and upper bounds},
	author={Cheung, Yun Kuen and Goranci, Gramoz and Henzinger, Monika},
	journal={arXiv preprint arXiv:1604.08342},
	year={2016}
}

@article{althofer1993sparse,
	title={On sparse spanners of weighted graphs},
	author={Alth{\"o}fer, Ingo and Das, Gautam and Dobkin, David and Joseph, Deborah and Soares, Jos{\'e}},
	journal={Discrete \& Computational Geometry},
	volume={9},
	number={1},
	pages={81--100},
	year={1993},
	publisher={Springer}
}

@article{gupta2004cuts,
	title={Cuts, trees and ? 1-embeddings of graphs},
	author={Gupta, Anupam and Newman, Ilan and Rabinovich, Yuri and Sinclair, Alistair},
	journal={Combinatorica},
	volume={24},
	number={2},
	pages={233--269},
	year={2004},
	publisher={Springer}
}

@article{lee2013pathwidth,
	title={Pathwidth, trees, and random embeddings},
	author={Lee, James R and Sidiropoulos, Anastasios},
	journal={Combinatorica},
	volume={33},
	number={3},
	pages={349--374},
	year={2013},
	publisher={Springer}
}

@inproceedings{lee2009geometry,
	title={On the geometry of graphs with a forbidden minor},
	author={Lee, James R and Sidiropoulos, Anastasios},
	booktitle={Proceedings of the forty-first annual ACM symposium on Theory of computing},
	pages={245--254},
	year={2009},
	organization={ACM}
}

@article{chekuri2006embedding,
	title={Embedding k-outerplanar graphs into l1},
	author={Chekuri, Chandra and Gupta, Anupam and Newman, Ilan and Rabinovich, Yuri and Sinclair, Alistair},
	journal={SIAM Journal on Discrete Mathematics},
	volume={20},
	number={1},
	pages={119--136},
	year={2006},
	publisher={SIAM}
}

@article{kleinberg2002approximation,
	title={Approximation algorithms for classification problems with pairwise relationships: Metric labeling and Markov random fields},
	author={Kleinberg, Jon and Tardos, Eva},
	journal={Journal of the ACM (JACM)},
	volume={49},
	number={5},
	pages={616--639},
	year={2002},
	publisher={ACM}
}

@article{dahlhaus1994complexity,
	title={The complexity of multiterminal cuts},
	author={Dahlhaus, Elias and Johnson, David S. and Papadimitriou, Christos H. and Seymour, Paul D. and Yannakakis, Mihalis},
	journal={SIAM Journal on Computing},
	volume={23},
	number={4},
	pages={864--894},
	year={1994},
	publisher={SIAM}
}

@article{cualinescu2000improved,
	title={An improved approximation algorithm for multiway cut},
	author={C{\u{a}}linescu, Gruia and Karloff, Howard and Rabani, Yuval},
	journal={Journal of Computer and System Sciences},
	volume={60},
	number={3},
	pages={564--574},
	year={2000},
	publisher={Elsevier}
}

@inproceedings{manokaran2008sdp,
	title={SDP gaps and UGC hardness for multiway cut, 0-extension, and metric labeling},
	author={Manokaran, Rajsekar and Naor, Joseph Seffi and Raghavendra, Prasad and Schwartz, Roy},
	booktitle={Proceedings of the fortieth annual ACM symposium on Theory of computing},
	pages={11--20},
	year={2008},
	organization={ACM}
}

@article{karzanov1998minimum,
	title={Minimum 0-extensions of graph metrics},
	author={Karzanov, Alexander V},
	journal={European Journal of Combinatorics},
	volume={19},
	number={1},
	pages={71--101},
	year={1998},
	publisher={Academic Press}
}

@article{calinescu2005approximation,
	title={Approximation algorithms for the 0-extension problem},
	author={Calinescu, Gruia and Karloff, Howard and Rabani, Yuval},
	journal={SIAM Journal on Computing},
	volume={34},
	number={2},
	pages={358--372},
	year={2005},
	publisher={SIAM}
}

@inproceedings{fakcharoenphol2003improved,
	title={An improved approximation algorithm for the 0-extension problem},
	author={Fakcharoenphol, Jittat and Harrelson, Chris and Rao, Satish and Talwar, Kunal},
	booktitle={Proceedings of the fourteenth annual ACM-SIAM symposium on Discrete algorithms},
	pages={257--265},
	year={2003},
	organization={Society for Industrial and Applied Mathematics}
}

@inproceedings{archer2004approximate,
	title={Approximate classification via earthmover metrics},
	author={Archer, Aaron and Fakcharoenphol, Jittat and Harrelson, Chris and Krauthgamer, Robert and Talwar, Kunal and Tardos, {\'E}va},
	booktitle={Proceedings of the fifteenth annual ACM-SIAM symposium on Discrete algorithms},
	pages={1079--1087},
	year={2004},
	organization={Society for Industrial and Applied Mathematics}
}

@article{karloff2009earthmover,
	title={On earthmover distance, metric labeling, and 0-extension},
	author={Karloff, Howard and Khot, Subhash and Mehta, Aranyak and Rabani, Yuval},
	journal={SIAM Journal on Computing},
	volume={39},
	number={2},
	pages={371--387},
	year={2009},
	publisher={SIAM}
}

@article{lee2004metric,
	title={Metric decomposition, smooth measures, and clustering},
	author={Lee, James R and Naor, Assaf},
	journal={Preprint},
	year={2004},
	publisher={Citeseer}
}

@inproceedings{indyk2007probabilistic,
	title={Probabilistic embeddings of bounded genus graphs into planar graphs},
	author={Indyk, Piotr and Sidiropoulos, Anastasios},
	booktitle={Proceedings of the twenty-third annual symposium on Computational geometry},
	pages={204--209},
	year={2007},
	organization={ACM}
}

@article{borradaile2010randomly,
	title={Randomly removing g handles at once},
	author={Borradaile, Glencora and Lee, James R and Sidiropoulos, Anastasios},
	journal={Computational Geometry},
	volume={43},
	number={8},
	pages={655--662},
	year={2010},
	publisher={Elsevier}
}

@inproceedings{lee2010genus,
	title={Genus and the geometry of the cut graph},
	author={Lee, James R and Sidiropoulos, Anastasios},
	booktitle={Proceedings of the twenty-first annual ACM-SIAM symposium on Discrete Algorithms},
	pages={193--201},
	year={2010},
	organization={Society for Industrial and Applied Mathematics}
}

@inproceedings{sidiropoulos2010optimal,
	title={Optimal stochastic planarization},
	author={Sidiropoulos, Anastasios},
	booktitle={Foundations of Computer Science (FOCS), 2010 51st Annual IEEE Symposium on},
	pages={163--170},
	year={2010},
	organization={IEEE}
}

@inproceedings{krauthgamer2019flow,
	title={Flow-cut gaps and face covers in planar graphs},
	author={Krauthgamer, Robert and Lee, James R and Rika, Havana},
	booktitle={Proceedings of the Thirtieth Annual ACM-SIAM Symposium on Discrete Algorithms},
	pages={525--534},
	year={2019},
	organization={SIAM}
}

@article{chekuri2013flow,
	title={Flow-cut gaps for integer and fractional multiflows},
	author={Chekuri, Chandra and Shepherd, F Bruce and Weibel, Christophe},
	journal={Journal of Combinatorial Theory, Series B},
	volume={103},
	number={2},
	pages={248--273},
	year={2013},
	publisher={Elsevier}
}

@inproceedings{abraham2018metric,
	title={Metric embedding via shortest path decompositions},
	author={Abraham, Ittai and Filtser, Arnold and Gupta, Anupam and Neiman, Ofer},
	booktitle={Proceedings of the 50th Annual ACM SIGACT Symposium on Theory of Computing},
	pages={952--963},
	year={2018},
	organization={ACM}
}

@article{bourgain1985lipschitz,
	title={On Lipschitz embedding of finite metric spaces in Hilbert space},
	author={Bourgain, Jean},
	journal={Israel Journal of Mathematics},
	volume={52},
	number={1-2},
	pages={46--52},
	year={1985},
	publisher={Springer}
}

@inproceedings{abraham2006advances,
	title={Advances in metric embedding theory},
	author={Abraham, Ittai and Bartal, Yair and Neimany, Ofer},
	booktitle={Proceedings of the thirty-eighth annual ACM symposium on Theory of computing},
	pages={271--286},
	year={2006},
	organization={ACM}
}

@inproceedings{krauthgamer2004measured,
	title={Measured descent: A new embedding method for finite metrics},
	author={Krauthgamer, Robert and Lee, James R and Mendel, Manor and Naor, Assaf},
	booktitle={Foundations of Computer Science, 2004. Proceedings. 45th Annual IEEE Symposium on},
	pages={434--443},
	year={2004},
	organization={IEEE}
}

@article{lee2004embedding,
	title={Embedding the diamond graph in L p and dimension reduction in L 1},
	author={Lee, James R and Naor, Assaf},
	journal={Geometric \& Functional Analysis GAFA},
	volume={14},
	number={4},
	pages={745--747},
	year={2004},
	publisher={Springer}
}

@article{erdos1959graph,
	title={Graph theory and probability},
	author={Erd{\"o}s, Paul},
	journal={Canadian Journal of Mathematics},
	volume={11},
	pages={34--38},
	year={1959},
	publisher={Cambridge University Press}
}

@book{dubhashi2009concentration,
	title={Concentration of measure for the analysis of randomized algorithms},
	author={Dubhashi, Devdatt P and Panconesi, Alessandro},
	year={2009},
	publisher={Cambridge University Press}
}

@article{puder2015expansion,
  title={Expansion of random graphs: New proofs, new results},
  author={Puder, Doron},
  journal={Inventiones mathematicae},
  volume={201},
  number={3},
  pages={845--908},
  year={2015},
  publisher={Springer}
}

@article{frieze2001hamilton,
  title={Hamilton cycles in the union of random permutations},
  author={Frieze, Alan},
  journal={Random Structures \& Algorithms},
  volume={18},
  number={1},
  pages={83--94},
  year={2001},
  publisher={Wiley Online Library}
}

@inproceedings{karger1993global,
	title={Global Min-cuts in RNC, and Other Ramifications of a Simple Min-Cut Algorithm.},
	author={Karger, David R},
	booktitle={SODA},
	volume={93},
	pages={21--30},
	year={1993}
}

@article{karger1999random,
	title={Random sampling in cut, flow, and network design problems},
	author={Karger, David R},
	journal={Mathematics of Operations Research},
	volume={24},
	number={2},
	pages={383--413},
	year={1999},
	publisher={INFORMS}
}

@inproceedings{benczur1996approximate,
	title={Approximate s-t min-cuts in $\tilde{O}(n^{2})$ time},
	author={Bencz{\'u}r, Andr{\'a}s A},
	booktitle={Proc. 28th ACM Symposium on Theory of Computing, 1996},
	year={1996}
}

@article{fung2010graph,
	title={Graph sparsification by edge-connectivity and random spanning trees},
	author={Fung, Wai Shing and Harvey, Nicholas JA},
	journal={arXiv preprint arXiv:1005.0265},
	year={2010}
}

@article{spielman2011graph,
	title={Graph sparsification by effective resistances},
	author={Spielman, Daniel A and Srivastava, Nikhil},
	journal={SIAM Journal on Computing},
	volume={40},
	number={6},
	pages={1913--1926},
	year={2011},
	publisher={SIAM}
}

@article{batson2012twice,
	title={Twice-ramanujan sparsifiers},
	author={Batson, Joshua and Spielman, Daniel A and Srivastava, Nikhil},
	journal={SIAM Journal on Computing},
	volume={41},
	number={6},
	pages={1704--1721},
	year={2012},
	publisher={SIAM}
}

@article{erdos1960evolution,
	title={On the evolution of random graphs},
	author={Erdos, Paul and R{\'e}nyi, Alfr{\'e}d},
	journal={Publ. Math. Inst. Hung. Acad. Sci},
	volume={5},
	number={1},
	pages={17--60},
	year={1960}
}

@article{hagerup1998characterizing,
	title={Characterizing multiterminal flow networks and computing flows in networks of small treewidth},
	author={Hagerup, Torben and Katajainen, Jyrki and Nishimura, Naomi and Ragde, Prabhakar},
	journal={Journal of Computer and System Sciences},
	volume={57},
	number={3},
	pages={366--375},
	year={1998},
	publisher={Elsevier}
}

@article{khan2014mimicking,
	title={On mimicking networks representing minimum terminal cuts},
	author={Khan, Arindam and Raghavendra, Prasad},
	journal={Information Processing Letters},
	volume={114},
	number={7},
	pages={365--371},
	year={2014},
	publisher={Elsevier}
}

@article{karpov2017exponential,
	title={An exponential lower bound for cut sparsifiers in planar graphs},
	author={Karpov, Nikolai and Pilipczuk, Marcin and Zych-Pawlewicz, Anna},
	journal={arXiv preprint arXiv:1706.06086},
	year={2017}
}

@inproceedings{krauthgamer2013mimicking,
	title={Mimicking networks and succinct representations of terminal cuts},
	author={Krauthgamer, Robert and Rika, Inbal},
	booktitle={Proceedings of the twenty-fourth annual ACM-SIAM symposium on Discrete algorithms},
	pages={1789--1799},
	year={2013},
	organization={SIAM}
}

@article{goranci2017improved,
	title={Improved guarantees for vertex sparsification in planar graphs},
	author={Goranci, Gramoz and Henzinger, Monika and Peng, Pan},
	journal={arXiv preprint arXiv:1702.01136},
	year={2017}
}

@article{krauthgamer2017refined,
	title={Refined vertex sparsifiers of planar graphs},
	author={Krauthgamer, Robert and Rika, Inbal},
	journal={arXiv preprint arXiv:1702.05951},
	year={2017}
}

@article{gitler1993delta,
	title={Delta-Wye-Delta transformations: algorithms and applications.},
	author={Gitler, Isidoro},
	year={1993}
}

@article{khan2014mimicking,
	title={On mimicking networks representing minimum terminal cuts},
	author={Khan, Arindam and Raghavendra, Prasad},
	journal={Information Processing Letters},
	volume={114},
	number={7},
	pages={365--371},
	year={2014},
	publisher={Elsevier}
}

@inproceedings{moitra2009approximation,
	title={Approximation algorithms for multicommodity-type problems with guarantees independent of the graph size},
	author={Moitra, Ankur},
	booktitle={Foundations of Computer Science, 2009. FOCS'09. 50th Annual IEEE Symposium on},
	pages={3--12},
	year={2009},
	organization={IEEE}
}

@article{moitra2013vertex,
	title={Vertex sparsification and oblivious reductions},
	author={Moitra, Ankur},
	journal={SIAM Journal on Computing},
	volume={42},
	number={6},
	pages={2400--2423},
	year={2013},
	publisher={SIAM}
}

@inproceedings{fakcharoenphol2003improved,
	title={An improved approximation algorithm for the 0-extension problem},
	author={Fakcharoenphol, Jittat and Harrelson, Chris and Rao, Satish and Talwar, Kunal},
	booktitle={Proceedings of the fourteenth annual ACM-SIAM symposium on Discrete algorithms},
	pages={257--265},
	year={2003},
	organization={Society for Industrial and Applied Mathematics}
}

@article{leighton1999multicommodity,
	title={Multicommodity max-flow min-cut theorems and their use in designing approximation algorithms},
	author={Leighton, Tom and Rao, Satish},
	journal={Journal of the ACM (JACM)},
	volume={46},
	number={6},
	pages={787--832},
	year={1999},
	publisher={ACM}
}

@article{chuzhoy2014flow,
	title={Flows, Cuts and Integral Routing in Graphs
	- an Approximation Algorithmist's Perspective},
	author={Julia Chuzhoy},
	journal={Proc. of the International Congress of Mathematicians},
	volume={},
	number={},
	pages={585-607},
	year={2016},
	publisher={}
}

@inproceedings{racke2002minimizing,
	title={Minimizing congestion in general networks},
	author={Racke, Harald},
	booktitle={Foundations of Computer Science, 2002. Proceedings. The 43rd Annual IEEE Symposium on},
	pages={43--52},
	year={2002},
	organization={IEEE}
}

@inproceedings{leighton2010extensions,
	title={Extensions and limits to vertex sparsification},
	author={Leighton, F Thomson and Moitra, Ankur},
	booktitle={Proceedings of the forty-second ACM symposium on Theory of computing},
	pages={47--56},
	year={2010},
	organization={ACM}
}

@article{arora2009expander,
	title={Expander flows, geometric embeddings and graph partitioning},
	author={Arora, Sanjeev and Rao, Satish and Vazirani, Umesh},
	journal={Journal of the ACM (JACM)},
	volume={56},
	number={2},
	pages={5},
	year={2009},
	publisher={ACM}
}

@inproceedings{charikar2010vertex,
	title={Vertex sparsifiers and abstract rounding algorithms},
	author={Charikar, Moses and Leighton, Tom and Li, Shi and Moitra, Ankur},
	booktitle={Foundations of Computer Science (FOCS), 2010 51st Annual IEEE Symposium on},
	pages={265--274},
	year={2010},
	organization={IEEE}
}

@inproceedings{makarychev2010metric,
	title={Metric extension operators, vertex sparsifiers and lipschitz extendability},
	author={Makarychev, Konstantin and Makarychev, Yury},
	booktitle={Foundations of Computer Science (FOCS), 2010 51st Annual IEEE Symposium on},
	pages={255--264},
	year={2010},
	organization={IEEE}
}

@article{englert2014vertex,
	title={Vertex sparsifiers: New results from old techniques},
	author={Englert, Matthias and Gupta, Anupam and Krauthgamer, Robert and Racke, Harald and Talgam-Cohen, Inbal and Talwar, Kunal},
	journal={SIAM Journal on Computing},
	volume={43},
	number={4},
	pages={1239--1262},
	year={2014},
	publisher={SIAM}
}

@article{andersen2009interchanging,
	title={Interchanging distance and capacity in probabilistic mappings},
	author={Andersen, Reid and Feige, Uriel},
	journal={arXiv preprint arXiv:0907.3631},
	year={2009}
}

@inproceedings{gupta2001steiner,
	title={Steiner points in tree metrics don't (really) help},
	author={Gupta, Anupam},
	booktitle={Proceedings of the twelfth annual ACM-SIAM symposium on Discrete algorithms},
	pages={220--227},
	year={2001},
	organization={Society for Industrial and Applied Mathematics}
}

@incollection{chan2006tight,
	title={A tight lower bound for the steiner point removal problem on trees},
	author={Chan, T-H Hubert and Xia, Donglin and Konjevod, Goran and Richa, Andrea},
	booktitle={Approximation, Randomization, and Combinatorial Optimization. Algorithms and Techniques},
	pages={70--81},
	year={2006},
	publisher={Springer}
}

@article{basu2008steiner,
	title={Steiner point removal in graph metrics},
	author={Basu, Amitabh and Gupta, Anupam},
	journal={Unpublished Manuscript, available from http://www. math. ucdavis. edu/\~{} abasu/papers/SPR. pdf},
	year={2008}
}

@article{krauthgamer2014preserving,
	title={Preserving terminal distances using minors},
	author={Krauthgamer, Robert and Nguy?n, Huy L and Zondiner, Tamar},
	journal={SIAM Journal on Discrete Mathematics},
	volume={28},
	number={1},
	pages={127--141},
	year={2014},
	publisher={SIAM}
}

@article{coppersmith2006sparse,
	title={Sparse sourcewise and pairwise distance preservers},
	author={Coppersmith, Don and Elkin, Michael},
	journal={SIAM Journal on Discrete Mathematics},
	volume={20},
	number={2},
	pages={463--501},
	year={2006},
	publisher={SIAM}
}

@article{dor2000all,
	title={All-pairs almost shortest paths},
	author={Dor, Dorit and Halperin, Shay and Zwick, Uri},
	journal={SIAM Journal on Computing},
	volume={29},
	number={5},
	pages={1740--1759},
	year={2000},
	publisher={SIAM}
}

@inproceedings{woodruff2006lower,
	title={Lower bounds for additive spanners, emulators, and more},
	author={Woodruff, David P},
	booktitle={Foundations of Computer Science, 2006. FOCS'06. 47th Annual IEEE Symposium on},
	pages={389--398},
	year={2006},
	organization={IEEE}
}

@article{kamma2015cutting,
	title={Cutting corners cheaply, or how to remove steiner points},
	author={Kamma, Lior and Krauthgamer, Robert and Nguyen, Huy L},
	journal={SIAM Journal on Computing},
	volume={44},
	number={4},
	pages={975--995},
	year={2015},
	publisher={SIAM}
}

@inproceedings{cheung2018steiner,
	title={Steiner point removal: distant terminals don't (really) bother},
	author={Cheung, Yun Kuen},
	booktitle={Proceedings of the Twenty-Ninth Annual ACM-SIAM Symposium on Discrete Algorithms},
	pages={1353--1360},
	year={2018},
	organization={Society for Industrial and Applied Mathematics}
}

@inproceedings{filtser2018steiner,
	title={Steiner point removal with distortion O (log k)},
	author={Filtser, Arnold},
	booktitle={Proceedings of the Twenty-Ninth Annual ACM-SIAM Symposium on Discrete Algorithms},
	pages={1361--1373},
	year={2018},
	organization={Society for Industrial and Applied Mathematics}
}

@article{filtser2018noisy,
	title={Noisy Voronoi: a Simple Framework for Terminal-Clustering Problems},
	author={Filtser, Arnold and Krauthgamer, Robert and Trabelsi, Ohad},
	journal={arXiv preprint arXiv:1809.00942},
	year={2018}
}

@article{lee2004metric,
	title={Metric decomposition, smooth measures, and clustering},
	author={Lee, James R and Naor, Assaf},
	journal={Preprint},
	year={2004},
	publisher={Citeseer}
}

@article{cheung2016graph,
	title={Graph minors for preserving terminal distances approximately-lower and upper bounds},
	author={Cheung, Yun Kuen and Goranci, Gramoz and Henzinger, Monika},
	journal={arXiv preprint arXiv:1604.08342},
	year={2016}
}

@article{althofer1993sparse,
	title={On sparse spanners of weighted graphs},
	author={Alth{\"o}fer, Ingo and Das, Gautam and Dobkin, David and Joseph, Deborah and Soares, Jos{\'e}},
	journal={Discrete \& Computational Geometry},
	volume={9},
	number={1},
	pages={81--100},
	year={1993},
	publisher={Springer}
}

@article{gupta2004cuts,
	title={Cuts, trees and ? 1-embeddings of graphs},
	author={Gupta, Anupam and Newman, Ilan and Rabinovich, Yuri and Sinclair, Alistair},
	journal={Combinatorica},
	volume={24},
	number={2},
	pages={233--269},
	year={2004},
	publisher={Springer}
}

@article{lee2013pathwidth,
	title={Pathwidth, trees, and random embeddings},
	author={Lee, James R and Sidiropoulos, Anastasios},
	journal={Combinatorica},
	volume={33},
	number={3},
	pages={349--374},
	year={2013},
	publisher={Springer}
}

@inproceedings{lee2009geometry,
	title={On the geometry of graphs with a forbidden minor},
	author={Lee, James R and Sidiropoulos, Anastasios},
	booktitle={Proceedings of the forty-first annual ACM symposium on Theory of computing},
	pages={245--254},
	year={2009},
	organization={ACM}
}

@article{chekuri2006embedding,
	title={Embedding k-outerplanar graphs into l1},
	author={Chekuri, Chandra and Gupta, Anupam and Newman, Ilan and Rabinovich, Yuri and Sinclair, Alistair},
	journal={SIAM Journal on Discrete Mathematics},
	volume={20},
	number={1},
	pages={119--136},
	year={2006},
	publisher={SIAM}
}

@article{kleinberg2002approximation,
	title={Approximation algorithms for classification problems with pairwise relationships: Metric labeling and Markov random fields},
	author={Kleinberg, Jon and Tardos, Eva},
	journal={Journal of the ACM (JACM)},
	volume={49},
	number={5},
	pages={616--639},
	year={2002},
	publisher={ACM}
}

@article{dahlhaus1994complexity,
	title={The complexity of multiterminal cuts},
	author={Dahlhaus, Elias and Johnson, David S. and Papadimitriou, Christos H. and Seymour, Paul D. and Yannakakis, Mihalis},
	journal={SIAM Journal on Computing},
	volume={23},
	number={4},
	pages={864--894},
	year={1994},
	publisher={SIAM}
}

@article{cualinescu2000improved,
	title={An improved approximation algorithm for multiway cut},
	author={C{\u{a}}linescu, Gruia and Karloff, Howard and Rabani, Yuval},
	journal={Journal of Computer and System Sciences},
	volume={60},
	number={3},
	pages={564--574},
	year={2000},
	publisher={Elsevier}
}

@inproceedings{manokaran2008sdp,
	title={SDP gaps and UGC hardness for multiway cut, 0-extension, and metric labeling},
	author={Manokaran, Rajsekar and Naor, Joseph Seffi and Raghavendra, Prasad and Schwartz, Roy},
	booktitle={Proceedings of the fortieth annual ACM symposium on Theory of computing},
	pages={11--20},
	year={2008},
	organization={ACM}
}

@article{karzanov1998minimum,
	title={Minimum 0-extensions of graph metrics},
	author={Karzanov, Alexander V},
	journal={European Journal of Combinatorics},
	volume={19},
	number={1},
	pages={71--101},
	year={1998},
	publisher={Academic Press}
}

@article{calinescu2005approximation,
	title={Approximation algorithms for the 0-extension problem},
	author={Calinescu, Gruia and Karloff, Howard and Rabani, Yuval},
	journal={SIAM Journal on Computing},
	volume={34},
	number={2},
	pages={358--372},
	year={2005},
	publisher={SIAM}
}

@inproceedings{fakcharoenphol2003improved,
	title={An improved approximation algorithm for the 0-extension problem},
	author={Fakcharoenphol, Jittat and Harrelson, Chris and Rao, Satish and Talwar, Kunal},
	booktitle={Proceedings of the fourteenth annual ACM-SIAM symposium on Discrete algorithms},
	pages={257--265},
	year={2003},
	organization={Society for Industrial and Applied Mathematics}
}

@inproceedings{archer2004approximate,
	title={Approximate classification via earthmover metrics},
	author={Archer, Aaron and Fakcharoenphol, Jittat and Harrelson, Chris and Krauthgamer, Robert and Talwar, Kunal and Tardos, {\'E}va},
	booktitle={Proceedings of the fifteenth annual ACM-SIAM symposium on Discrete algorithms},
	pages={1079--1087},
	year={2004},
	organization={Society for Industrial and Applied Mathematics}
}

@article{karloff2009earthmover,
	title={On earthmover distance, metric labeling, and 0-extension},
	author={Karloff, Howard and Khot, Subhash and Mehta, Aranyak and Rabani, Yuval},
	journal={SIAM Journal on Computing},
	volume={39},
	number={2},
	pages={371--387},
	year={2009},
	publisher={SIAM}
}

@article{lee2004metric,
	title={Metric decomposition, smooth measures, and clustering},
	author={Lee, James R and Naor, Assaf},
	journal={Preprint},
	year={2004},
	publisher={Citeseer}
}

@inproceedings{indyk2007probabilistic,
	title={Probabilistic embeddings of bounded genus graphs into planar graphs},
	author={Indyk, Piotr and Sidiropoulos, Anastasios},
	booktitle={Proceedings of the twenty-third annual symposium on Computational geometry},
	pages={204--209},
	year={2007},
	organization={ACM}
}

@article{borradaile2010randomly,
	title={Randomly removing g handles at once},
	author={Borradaile, Glencora and Lee, James R and Sidiropoulos, Anastasios},
	journal={Computational Geometry},
	volume={43},
	number={8},
	pages={655--662},
	year={2010},
	publisher={Elsevier}
}

@inproceedings{lee2010genus,
	title={Genus and the geometry of the cut graph},
	author={Lee, James R and Sidiropoulos, Anastasios},
	booktitle={Proceedings of the twenty-first annual ACM-SIAM symposium on Discrete Algorithms},
	pages={193--201},
	year={2010},
	organization={Society for Industrial and Applied Mathematics}
}

@inproceedings{sidiropoulos2010optimal,
	title={Optimal stochastic planarization},
	author={Sidiropoulos, Anastasios},
	booktitle={Foundations of Computer Science (FOCS), 2010 51st Annual IEEE Symposium on},
	pages={163--170},
	year={2010},
	organization={IEEE}
}

@inproceedings{krauthgamer2019flow,
	title={Flow-cut gaps and face covers in planar graphs},
	author={Krauthgamer, Robert and Lee, James R and Rika, Havana},
	booktitle={Proceedings of the Thirtieth Annual ACM-SIAM Symposium on Discrete Algorithms},
	pages={525--534},
	year={2019},
	organization={SIAM}
}

@article{chekuri2013flow,
	title={Flow-cut gaps for integer and fractional multiflows},
	author={Chekuri, Chandra and Shepherd, F Bruce and Weibel, Christophe},
	journal={Journal of Combinatorial Theory, Series B},
	volume={103},
	number={2},
	pages={248--273},
	year={2013},
	publisher={Elsevier}
}

@inproceedings{abraham2018metric,
	title={Metric embedding via shortest path decompositions},
	author={Abraham, Ittai and Filtser, Arnold and Gupta, Anupam and Neiman, Ofer},
	booktitle={Proceedings of the 50th Annual ACM SIGACT Symposium on Theory of Computing},
	pages={952--963},
	year={2018},
	organization={ACM}
}

@article{bourgain1985lipschitz,
	title={On Lipschitz embedding of finite metric spaces in Hilbert space},
	author={Bourgain, Jean},
	journal={Israel Journal of Mathematics},
	volume={52},
	number={1-2},
	pages={46--52},
	year={1985},
	publisher={Springer}
}

@inproceedings{abraham2006advances,
	title={Advances in metric embedding theory},
	author={Abraham, Ittai and Bartal, Yair and Neimany, Ofer},
	booktitle={Proceedings of the thirty-eighth annual ACM symposium on Theory of computing},
	pages={271--286},
	year={2006},
	organization={ACM}
}

@inproceedings{krauthgamer2004measured,
	title={Measured descent: A new embedding method for finite metrics},
	author={Krauthgamer, Robert and Lee, James R and Mendel, Manor and Naor, Assaf},
	booktitle={Foundations of Computer Science, 2004. Proceedings. 45th Annual IEEE Symposium on},
	pages={434--443},
	year={2004},
	organization={IEEE}
}

@inproceedings{schwartz2021metric,
	title={The metric relaxation for 0-extension admits an $\Omega(\log^{2/3}k)$ gap},
	author={Schwartz, Roy and Tur, Nitzan},
	booktitle={Proceedings of the 53rd Annual ACM SIGACT Symposium on Theory of Computing},
	pages={1601--1614},
	year={2021}
}

@article{lee2004embedding,
	title={Embedding the diamond graph in L p and dimension reduction in L 1},
	author={Lee, James R and Naor, Assaf},
	journal={Geometric \& Functional Analysis GAFA},
	volume={14},
	number={4},
	pages={745--747},
	year={2004},
	publisher={Springer}
}


@inproceedings{karloff2006earthmover,
	title={On earthmover distance, metric labeling, and 0-extension},
	author={Karloff, Howard and Khot, Subhash and Mehta, Aranyak and Rabani, Yuval},
	booktitle={Proceedings of the thirty-eighth annual ACM symposium on Theory of computing},
	pages={547--556},
	year={2006}
}

@article{chuzhoy2007hardness,
	title={The hardness of metric labeling},
	author={Chuzhoy, Julia and Naor, Joseph},
	journal={SIAM Journal on Computing},
	volume={36},
	number={5},
	pages={1376--1386},
	year={2007},
	publisher={SIAM}
}

@article{chekuri2004linear,
	title={A linear programming formulation and approximation algorithms for the metric labeling problem},
	author={Chekuri, Chandra and Khanna, Sanjeev and Naor, Joseph and Zosin, Leonid},
	journal={SIAM Journal on Discrete Mathematics},
	volume={18},
	number={3},
	pages={608--625},
	year={2004},
	publisher={SIAM}
}

@inproceedings{archer2004approximate,
	title={Approximate classification via earthmover metrics},
	author={Archer, Aaron and Fakcharoenphol, Jittat and Harrelson, Chris and Krauthgamer, Robert and Talwar, Kunal and Tardos, {\'E}va},
	booktitle={Proceedings of the fifteenth annual ACM-SIAM symposium on Discrete algorithms},
	pages={1079--1087},
	year={2004}
}

@article{berczi2020improving,
	title={Improving the integrality gap for multiway cut},
	author={B{\'e}rczi, Krist{\'o}f and Chandrasekaran, Karthekeyan and Kir{\'a}ly, Tam{\'a}s and Madan, Vivek},
	journal={Mathematical Programming},
	volume={183},
	number={1-2},
	pages={171--193},
	year={2020},
	publisher={Springer}
}

@inproceedings{leighton2010extensions,
	title={Extensions and limits to vertex sparsification},
	author={Leighton, F Thomson and Moitra, Ankur},
	booktitle={Proceedings of the forty-second ACM symposium on Theory of computing},
	pages={47--56},
	year={2010}
}

@inproceedings{krauthgamer2023exact,
	title={Exact Flow Sparsification Requires Unbounded Size},
	author={Krauthgamer, Robert and Mosenzon, Ron},
	booktitle={Proceedings of the 2023 Annual ACM-SIAM Symposium on Discrete Algorithms (SODA)},
	pages={2354--2367},
	year={2023},
	organization={SIAM}
}

@inproceedings{andoni2014towards,
	title={Towards (1+{$\varepsilon$})-Approximate Flow Sparsifiers},
	author={Andoni, Alexandr and Gupta, Anupam and Krauthgamer, Robert},
	booktitle={Proceedings of the twenty-fifth annual ACM-SIAM symposium on Discrete algorithms},
	pages={279--293},
	year={2014},
	organization={SIAM}
}

@inproceedings{chuzhoy2012vertex,
	title={On vertex sparsifiers with Steiner nodes},
	author={Chuzhoy, Julia},
	booktitle={Proceedings of the forty-fourth annual ACM symposium on Theory of computing},
	pages={673--688},
	year={2012}
}

@inproceedings{buchbinder2017simplex,
	title={Simplex transformations and the multiway cut problem},
	author={Buchbinder, Niv and Schwartz, Roy and Weizman, Baruch},
	booktitle={Proceedings of the twenty-eighth annual ACM-SIAM Symposium on Discrete Algorithms},
	pages={2400--2410},
	year={2017},
	organization={SIAM}
}

@inproceedings{buchbinder2013simplex,
	title={Simplex partitioning via exponential clocks and the multiway cut problem},
	author={Buchbinder, Niv and Naor, Joseph and Schwartz, Roy},
	booktitle={Proceedings of the forty-fifth annual ACM symposium on Theory of computing},
	pages={535--544},
	year={2013}
}

@article{freund2000lower,
	title={A lower bound of {$8/(7+ \frac{1}{k-1})$} on the integrality ratio of the C{\u{a}}linescu--Karloff--Rabani relaxation for multiway cut},
	author={Freund, Ari and Karloff, Howard},
	journal={Information Processing Letters},
	volume={75},
	number={1-2},
	pages={43--50},
	year={2000},
	publisher={Elsevier}
}

@inproceedings{cualinescu1998improved,
	title={An improved approximation algorithm for multiway cut},
	author={C{\u{a}}linescu, Gruia and Karloff, Howard and Rabani, Yuval},
	booktitle={Proceedings of the thirtieth annual ACM symposium on Theory of computing},
	pages={48--52},
	year={1998}
}

@inproceedings{angelidakis2017improved,
	title={An improved integrality gap for the C{\u{a}}linescu-Karloff-Rabani relaxation for multiway cut},
	author={Angelidakis, Haris and Makarychev, Yury and Manurangsi, Pasin},
	booktitle={Integer Programming and Combinatorial Optimization: 19th International Conference, IPCO 2017, Waterloo, ON, Canada, June 26-28, 2017, Proceedings},
	pages={39--50},
	year={2017},
	organization={Springer}
}
